
%% Created for Alessio Guglielmi at 2008-02-22 16:58:21 +0000 


%% Saved with string encoding Western (ASCII) 



@article{Reto:03:Handsome:fj,
	Author = {Retor{\'e}, Christian},
	Date-Added = {2008-02-22 16:55:19 +0000},
	Date-Modified = {2008-02-22 16:58:17 +0000},
	Journal = {Theoretical Computer Science},
	Number = {3},
	Pages = {473--488},
	Title = {Handsome Proof-Nets: {P}erfect Matchings and Cographs},
	Volume = {294},
	Year = {2003}}

@unpublished{GuglGund:08:Normalis:yu,
	Author = {Guglielmi, Alessio and Gundersen, Tom},
	Date-Added = {2008-02-22 16:16:51 +0000},
	Date-Modified = {2008-02-22 16:17:46 +0000},
	Keywords = {deep inference},
	Note = {\url{http://cs.bath.ac.uk/ag/p/NormContrDIAtFl2.pdf}},
	Title = {Normalisation Control in Deep Inference via Atomic Flows {II}},
	Year = {2008}}

@article{Burr:93:Higher-D:fu,
	Author = {Albert Burroni},
	Date-Added = {2008-02-18 19:05:09 +0000},
	Date-Modified = {2008-02-18 19:07:11 +0000},
	Journal = {Theoretical Computer Science},
	Number = {1},
	Pages = {43--62},
	Title = {Higher Dimensional Word Problems with Applications to Equational Logic},
	Volume = {115},
	Year = {(1993).}}

@article{Andr:81:Theorem-:yf,
	Author = {Andrews, Peter B.},
	Date-Added = {2008-02-18 13:11:29 +0000},
	Date-Modified = {2008-02-18 13:12:39 +0000},
	Journal = {Journal of the {ACM}},
	Number = {2},
	Pages = {193--214},
	Title = {Theorem Proving via General Matings},
	Volume = {28},
	Year = {1981}}

@inproceedings{Kahr:08:On-Linea:fk,
	Author = {Kahramano{\u g}ullar{\i}, Ozan},
	Booktitle = {LATA 2008},
	Date-Added = {2008-01-20 08:23:25 +0000},
	Date-Modified = {2008-02-06 21:24:21 +0000},
	Keywords = {deep inference},
	Note = {In press. \url{http://www.doc.ic.ac.uk/~ozank/Papers/lata.pdf}},
	Title = {On Linear Logic Planning and Concurrency},
	Year = {2008}}

@inproceedings{BrunStud::Syntacti:vn,
	Author = {Br{\"u}nnler, Kai and Studer, Thomas},
	Booktitle = {Methods for Modalities 5},
	Date-Added = {2007-12-02 20:59:00 +0000},
	Date-Modified = {2007-12-04 14:19:42 +0000},
	Keywords = {deep inference},
	Note = {In press. \url{http://www.iam.unibe.ch/~kai/Current/infck.pdf}},
	Title = {Syntactic Cut-Elimination for Common Knowledge},
	Year = {2007}}

@unpublished{Jera::On-the-C:kx,
	Author = {Je{\v r}\'abek, Emil},
	Date-Added = {2007-12-02 20:34:04 +0000},
	Date-Modified = {2007-12-02 20:35:32 +0000},
	Keywords = {deep inference},
	Note = {\url{http://www.math.cas.cz/~jerabek/papers/cos.pdf}},
	Title = {On the Cut Rule in the Calculus of Structures}}

@inproceedings{Join:05:Complete:os,
	Author = {Joinet, Jean-Baptiste},
	Booktitle = {Structures and Deduction},
	Date-Added = {2007-12-02 19:32:51 +0000},
	Date-Modified = {2007-12-02 19:32:51 +0000},
	Editor = {Paola Bruscoli and Fran{\c c}ois Lamarche and Charles Stewart},
	Keywords = {deep inference},
	Note = {ICALP Workshop. ISSN 1430-211X. Invited talk at WoLLIC '03 under the title `Calculus of Structures and Proof-Nets'. \url{http://cs.bath.ac.uk/pb/SD05/SD05-Proc.pdf}},
	Pages = {81--94},
	Publisher = {Technische Universit{\"a}t Dresden},
	Title = {Completeness of {MLL} Proof-nets w.r.t.\ Weak Distributivity},
	Year = 2005}

@misc{::Deep-Inf:fk,
	Date-Added = {2007-10-18 21:50:28 +0100},
	Date-Modified = {2007-10-18 21:54:54 +0100},
	Editor = {Guglielmi, Alessio},
	Note = {\url{http://alessio.guglielmi.name/res/TeX/BibTeX/di-biblio.pdf}},
	Title = {Deep Inference Bibliography}}

@techreport{Stra:06:Proof-Ne:fk,
	Author = {Stra{\ss}burger, Lutz},
	Date-Added = {2007-10-10 11:01:54 +0100},
	Date-Modified = {2007-10-10 11:03:56 +0100},
	Institution = {INRIA},
	Keywords = {deep inference},
	Note = {\url{https://hal.inria.fr/docs/00/11/43/20/PDF/RR-6013.pdf}},
	Number = {6013},
	Title = {Proof Nets and the Identity of Proofs},
	Year = {2006}}

@unpublished{Gugl:07:CM20019C:fk,
	Author = {Guglielmi, Alessio},
	Date-Added = {2007-10-06 10:07:33 +0100},
	Date-Modified = {2007-10-06 10:12:50 +0100},
	Note = {\url{http://cs.bath.ac.uk/ag/CM20019}},
	Title = {{CM20019}---{C}omputation {III}: {F}ormal Logic and Semantics},
	Year = {2007}}

@book{HopcUllm:79:Introduc:fk,
	Author = {Hopcroft, John E. and Ullman, Jeffrey D.},
	Date-Added = {2007-10-06 09:48:43 +0100},
	Date-Modified = {2007-10-06 09:50:22 +0100},
	Publisher = {Addison Wesley},
	Title = {Introduction to Automata Theory, Languages and Computation},
	Year = {1979}}

@phdthesis{Leng:06:Normalis:uq,
	Author = {Lengrand, St{\'e}phane},
	Date-Added = {2007-10-06 07:11:08 +0100},
	Date-Modified = {2007-10-06 07:15:24 +0100},
	Keywords = {deep inference},
	Note = {\url{http://www.lix.polytechnique.fr/~lengrand/Work/Reports/MyThesis.pdf}},
	School = {Universit{\'e} Paris VII - Denis Diderot, University of St Andrews},
	Title = {Normalisation \& Equivalence in Proof Theory \& Type Theory},
	Year = {2006}}

@unpublished{LengBrun:05:Getting-:fk,
	Author = {Lengrand, St{\'e}phane and Br{\"u}nnler, Kai},
	Date-Added = {2007-10-06 06:46:17 +0100},
	Date-Modified = {2007-10-06 07:17:11 +0100},
	Keywords = {deep inference},
	Note = {\url{http://www.lix.polytechnique.fr/~lengrand/Work/Reports/DI.ps}},
	Title = {Getting Formalisms {A} and {B} by Proof-Terms and Typing Systems},
	Year = {2005}}

@unpublished{BrusGugl:07:On-Analy:uq,
	Author = {Bruscoli, Paola and Guglielmi, Alessio},
	Date-Added = {2007-09-22 14:54:48 +0100},
	Date-Modified = {2007-09-22 14:56:01 +0100},
	Keywords = {deep inference},
	Note = {\url{http://cs.bath.ac.uk/ag/p/Onan.pdf}},
	Title = {On Analytic Inference Rules in the Calculus of Structures},
	Year = {2007}}

@unpublished{Japa:07:Cirquent:fk,
	Author = {Japaridze, Giorgi},
	Date-Added = {2007-09-22 14:52:39 +0100},
	Date-Modified = {2007-09-22 14:54:32 +0100},
	Keywords = {deep inference},
	Note = {\url{http://arxiv.org/pdf/0709.1308}},
	Title = {Cirquent Calculus Deepened},
	Year = {2007}}

@article{Smul:68:Analytic:fk,
	Author = {Smullyan, Raymond R.},
	Date-Added = {2007-09-15 11:54:05 +0100},
	Date-Modified = {2007-09-15 11:55:57 +0100},
	Journal = {Journal of Symbolic Logic},
	Number = {4},
	Pages = {560--564},
	Title = {Analytic Cut},
	Volume = {33},
	Year = {1968}}

@unpublished{Kahr:04:A-New-Lo:fk,
	Author = {Kahramano{\u g}ullar{\i}, Ozan},
	Date-Added = {2007-09-08 08:31:48 +0100},
	Date-Modified = {2008-01-20 08:33:01 +0000},
	Keywords = {deep inference},
	Note = {Short paper at LPAR 2007. \url{http://www.doc.ic.ac.uk/~ozank/Papers/lpar_short.pdf}},
	Title = {On Linear Logic Planning and Concurrency},
	Year = {2007}}

@mastersthesis{Hors:06:The-Logi:fk,
	Author = {Horsfall, Benjamin Robert},
	Date-Added = {2007-09-08 07:07:08 +0100},
	Date-Modified = {2007-09-08 07:09:21 +0100},
	Keywords = {deep inference},
	Note = {\url{http://www.cs.mu.oz.au/~horsfall/horsfall-mcs.pdf}},
	School = {University of Melbourne},
	Title = {The Logic of Bunched Implications: {A} Memoir},
	Year = {2006}}

@inproceedings{Stra:07:Deep-Inf:uq,
	Author = {Stra{\ss}burger, Lutz},
	Booktitle = {International Workshop on Hybrid Logic HyLo 2007},
	Date-Added = {2007-08-26 12:31:10 +0100},
	Date-Modified = {2007-08-26 12:39:44 +0100},
	Editor = {J{\o}rgen Villadsen and Thomas Bolander and Torben Bra{\"u}ner},
	Keywords = {deep inference},
	Note = {\url{http://www.lix.polytechnique.fr/~lutz/papers/hybrid.pdf}},
	Pages = {13--22},
	Title = {Deep Inference for Hybrid Logic},
	Year = {2007}}

@unpublished{Brun:07:Deep-Seq:fk,
	Author = {Br{\"u}nnler, Kai},
	Date-Added = {2007-08-26 10:54:46 +0100},
	Date-Modified = {2007-08-26 11:09:25 +0100},
	Keywords = {deep inference},
	Note = {\url{http://www.iam.unibe.ch/~kai/Current/dsm-long.pdf}},
	Title = {Deep Sequent Systems for Modal Logic},
	Year = {2007}}

@article{BrusGugl:07:On-the-P:fk,
	Author = {Bruscoli, Paola and Guglielmi, Alessio},
	Date-Added = {2007-08-25 21:18:04 +0100},
	Date-Modified = {2008-02-11 07:54:55 +0000},
	Journal = {ACM Transactions on Computational Logic},
	Keywords = {deep inference},
	Note = {In press. \url{http://cs.bath.ac.uk/ag/p/PrComplDI.pdf}},
	Title = {On the Proof Complexity of Deep Inference},
	Year = {2008}}

@phdthesis{Reck:76:On-the-L:fk,
	Author = {Reckhow, Robert A.},
	Date-Added = {2007-08-14 11:41:29 +0200},
	Date-Modified = {2007-08-14 11:42:31 +0200},
	School = {University of Toronto},
	Title = {On the Lengths of Proofs in the Propositional Calculus},
	Year = {1976}}

@phdthesis{Kahr:06:Nondeter:fk,
	Author = {Kahramano{\u g}ullar{\i}, Ozan},
	Date-Added = {2007-08-13 18:00:14 +0200},
	Date-Modified = {2007-08-13 18:01:55 +0200},
	Keywords = {deep inference},
	Note = {\url{http://www.doc.ic.ac.uk/~ozank/Papers/ozansthesis.pdf}},
	School = {Technische Universit{\"a}t Dresden},
	Title = {Nondeterminism and Language Design in Deep Inference},
	Year = {2006}}

@unpublished{Gugl:07:On-the-P:fk,
	Author = {Guglielmi, Alessio},
	Date-Added = {2007-08-12 09:31:38 +0200},
	Date-Modified = {2007-08-12 09:41:16 +0200},
	Keywords = {deep inference},
	Note = {Prolog program. \url{http://cs.bath.ac.uk/ag/p/PrComplDI.plg}},
	Title = {On the Proof Complexity of Deep Inference---{C}onjecture},
	Year = {2007}}

@article{Buss:87:Polynomi:fk,
	Author = {Buss, Samuel R.},
	Date-Added = {2007-07-19 18:46:14 +0100},
	Date-Modified = {2007-07-19 18:47:44 +0100},
	Journal = {Journal of Symbolic Logic},
	Number = {4},
	Pages = {916--927},
	Title = {Polynomial Size Proofs of the Propositional Pigeonhole Principle},
	Volume = {52},
	Year = {1987}}

@article{Hugh:06:Proofs-W:fk,
	Author = {Hughes, Dominic J.D.},
	Date-Added = {2007-07-05 21:55:59 +0100},
	Date-Modified = {2007-07-05 22:05:01 +0100},
	Journal = {Annals of Mathematics},
	Number = {3},
	Pages = {1065--1076},
	Title = {Proofs Without Syntax},
	Volume = {164},
	Year = {2006}}

@inproceedings{Kahr:07:Maude-as:lr,
	Author = {Kahramano{\u g}ullar{\i}, Ozan},
	Booktitle = {RULE 2007---The Eighth International Workshop on Rule-Based Programming},
	Date-Added = {2007-06-26 09:53:26 +0100},
	Date-Modified = {2007-09-18 10:47:47 +0100},
	Keywords = {deep inference},
	Note = {In press. \url{http://www.doc.ic.ac.uk/~ozank/Papers/rule07.pdf}},
	Publisher = {Elsevier},
	Series = {Electronic Notes in Theoretical Computer Science},
	Title = {Maude as a Platform for Designing and Implementing Deep Inference Systems},
	Year = {2007}}

@inproceedings{Stra:03:System-N:mb,
	Author = {Stra{\ss}burger, Lutz},
	Booktitle = {10th Workshop on Logic, Language, Information and Computation (WoLLIC)},
	Date-Added = {2007-03-29 10:00:53 +0100},
	Date-Modified = {2007-03-29 10:00:53 +0100},
	Editor = {De Queiroz, Ruy and Pimentel, Elaine and Figueiredo, Luc{\'\i}lia},
	Keywords = {deep inference},
	Note = {\url{http://www.lix.polytechnique.fr/~lutz/papers/NELundec_wollic03.pdf}},
	Publisher = {Elsevier},
	Series = {Electronic Notes in Theoretical Computer Science},
	Title = {System {NEL} Is Undecidable},
	Volume = 84,
	Year = 2003}

@article{Kahr:07:System-B:fk,
	Author = {Kahramano{\u g}ullar{\i}, Ozan},
	Date-Added = {2007-03-24 13:01:58 +0000},
	Date-Modified = {2007-09-18 10:47:57 +0100},
	Journal = {Annals of Pure and Applied Logic},
	Keywords = {deep inference},
	Note = {In press. \url{http://www.doc.ic.ac.uk/~ozank/Papers/bv_npc_apal.pdf}},
	Title = {System {BV} Is {NP}-Complete},
	Year = {2007}}

@article{Stat:78:Bounds-f:fj,
	Author = {Statman, Richard},
	Date-Added = {2007-03-03 18:28:32 +0000},
	Date-Modified = {2007-03-03 18:30:25 +0000},
	Journal = {Annals of Mathematical Logic},
	Pages = {225--287},
	Title = {Bounds for Proof-Search and Speed-Up in the Predicate Calculus},
	Volume = {15},
	Year = {1978}}

@misc{Gugl::Deep-Inf:uq,
	Author = {Guglielmi, Alessio},
	Date-Added = {2007-03-03 16:59:08 +0000},
	Date-Modified = {2007-10-06 10:10:18 +0100},
	Howpublished = {Web site at \url{http://alessio.guglielmi.name/res/cos}},
	Keywords = {deep inference},
	Title = {Deep Inference and the Calculus of Structures}}

@article{KrajPudl:89:Proposit:fk,
	Author = {Kraj{\'\i}{\v c}ek, Jan and Pudl{\'a}k, Pavel},
	Date-Added = {2007-03-03 16:09:49 +0000},
	Date-Modified = {2007-03-03 16:13:42 +0000},
	Journal = {Journal of Symbolic Logic},
	Number = {3},
	Pages = {1063--1079},
	Title = {Propositional Proof Systems, the Consistency of First Order Theories and the Complexity of Computations},
	Volume = {54},
	Year = {1989}}

@inproceedings{CookReck:74:On-the-L:lr,
	Author = {Cook, Stephen and Reckhow, Robert},
	Booktitle = {Proceedings of the 6th annual ACM Symposium on Theory of Computing},
	Date-Added = {2007-03-03 14:33:08 +0000},
	Date-Modified = {2007-03-03 14:38:27 +0000},
	Pages = {135--148},
	Publisher = {ACM Press},
	Title = {On the Lengths of Proofs in the Propositional Calculus (Preliminary Version)},
	Year = {1974}}

@article{GuglGund:07:Normalis:lr,
	Author = {Guglielmi, Alessio and Gundersen, Tom},
	Date-Added = {2007-03-03 11:45:55 +0000},
	Date-Modified = {2008-01-21 09:11:52 +0000},
	Journal = {Logical Methods in Computer Science},
	Keywords = {deep inference},
	Note = {In press. \url{http://cs.bath.ac.uk/ag/p/NormContrDIAtFl.pdf}},
	Title = {Normalisation Control in Deep Inference via Atomic Flows},
	Year = {2008}}

@article{Buss:91:The-Unde:uq,
	Author = {Buss, Samuel R.},
	Date-Added = {2007-01-07 16:47:03 +0000},
	Date-Modified = {2007-01-07 16:50:12 +0000},
	Journal = {Annals of Pure and Applied Logic},
	Number = {1},
	Pages = {75-102},
	Title = {The Undecidability of k-Provability},
	Volume = {53},
	Year = {1991}}

@article{Carb:97:Interpol:fk,
	Author = {Alessandra Carbone},
	Date-Added = {2007-01-07 12:51:53 +0000},
	Date-Modified = {2007-01-07 12:54:18 +0000},
	Journal = {Annals of Pure and Applied Logic},
	Pages = {249--299},
	Title = {Interpolants, Cut Elimination and Flow Graphs for the Propositional Calculus},
	Volume = {83},
	Year = {1997}}

@article{GoreTiu:06:Classica:uq,
	Author = {Rajeev Gor{\'e} and Alwen Tiu},
	Date-Added = {2006-09-13 07:31:25 +0100},
	Date-Modified = {2007-08-31 22:24:12 +0100},
	Journal = {Journal of Logic and Computation},
	Keywords = {deep inference},
	Note = {\url{http://users.rsise.anu.edu.au/~tiu/papers/cmdl.pdf}},
	Number = {4},
	Pages = {767--794},
	Title = {Classical Modal Display Logic in the Calculus of Structures and Minimal Cut-free Deep Inference Calculi for {S5}},
	Volume = {17},
	Year = {2007}}

@book{Gall:86:Logic-fo:uq,
	Author = {Jean Gallier},
	Date-Added = {2006-09-10 07:27:49 +0100},
	Date-Modified = {2006-09-10 07:33:34 +0100},
	Note = {Revised 2003 edition online at \url{http://www.cis.upenn.edu/~jean/gbooks/logic.html}},
	Publisher = {Wiley},
	Title = {Logic for Computer Science: Foundations of Automatic Theorem Proving},
	Year = {1986}}

@inproceedings{Brun:06:Deep-Inf:qy,
	Author = {Br{\"u}nnler, Kai},
	Booktitle = {Computability in Europe 2006},
	Date-Added = {2006-07-16 14:57:44 +0100},
	Date-Modified = {2006-07-16 15:32:28 +0100},
	Editor = {Beckmann, Arnold and Berger, Ulrich and L{\"o}we, Benedikt and Tucker, John V.},
	Keywords = {deep inference},
	Month = {July},
	Note = {\url{http://www.iam.unibe.ch/~kai/Papers/n.pdf}},
	Pages = {65--74},
	Publisher = {Springer-Verlag},
	Series = {Lecture Notes in Computer Science},
	Title = {Deep Inference and Its Normal Form of Derivations},
	Volume = {3988},
	Year = {2006}}

@unpublished{Stra:06:What-Cou:vh,
	Author = {Stra{\ss}burger, Lutz},
	Date-Added = {2006-07-03 07:43:21 +0100},
	Date-Modified = {2006-07-13 13:12:59 +0100},
	Keywords = {deep inference},
	Note = {Accepted by Cl\&C '06. \url{http://www.lix.polytechnique.fr/~lutz/papers/medial-kurz.pdf}},
	Title = {What Could a Boolean Category Be?},
	Year = 2006}

@article{Lama::Explorin:mw,
	Author = {Lamarche, Fran{\c c}ois},
	Date-Added = {2006-06-11 12:09:02 +0100},
	Date-Modified = {2007-12-02 23:20:40 +0000},
	Journal = {Theory and Applications of Categories},
	Keywords = {deep inference},
	Note = {\url{http://www.loria.fr/~lamarche/papers/Gap.pdf}},
	Number = {17},
	Pages = {473--535},
	Title = {Exploring the Gap between Linear and Classical Logic},
	Volume = {18},
	Year = {2007}}

@inproceedings{Brun::Deep-Seq:ay,
	Author = {Br{\"u}nnler, Kai},
	Booktitle = {Advances in Modal Logic},
	Date-Added = {2006-03-30 17:44:13 +0100},
	Date-Modified = {2006-09-07 11:10:13 +0100},
	Editor = {Guido Governatori and Ian Hodkinson and Yde Venema},
	Keywords = {deep inference},
	Note = {\url{http://www.aiml.net/volumes/volume6/Bruennler.ps}},
	Pages = {107--119},
	Publisher = {College Publications},
	Title = {Deep Sequent Systems for Modal Logic},
	Volume = {6},
	Year = {2006}}

@inproceedings{Reil:06:Canonica:fe,
	Author = {Reilles, Antoine},
	Booktitle = {6th International Workshop on Rewriting Logic and Its Applications},
	Date-Added = {2006-03-28 18:48:42 +0100},
	Date-Modified = {2007-08-26 12:40:51 +0100},
	Keywords = {deep inference},
	Note = {\url{http://arxiv.org/pdf/cs.PL/0601019}},
	Pages = {165--179},
	Series = {Electronic Notes in Theoretical Computer Science},
	Title = {Canonical Abstract Syntax Trees},
	Volume = {176},
	Year = {2007}}

@phdthesis{Mrm-:06:Categori:ff,
	Author = {M{${}^{\rm c}$}Kinley, Richard},
	Date-Added = {2006-03-18 10:08:56 +0000},
	Date-Modified = {2006-07-13 13:12:55 +0100},
	Keywords = {deep inference},
	Note = {\url{http://www.cs.bath.ac.uk/~csprim/thesis.pdf}},
	School = {University of Bath},
	Title = {Categorical Models of First Order Classical Proofs},
	Year = {2006}}

@unpublished{Gugl:05:Some-New:eh,
	Author = {Guglielmi, Alessio},
	Date-Added = {2006-01-16 10:48:24 +0000},
	Date-Modified = {2006-07-13 13:17:56 +0100},
	Keywords = {deep inference},
	Note = {\url{http://cs.bath.ac.uk/ag/p/AG16.pdf}},
	Title = {Some News on Subatomic Logic},
	Year = {2005}}

@unpublished{Gugl:04:Formalis:ea,
	Author = {Guglielmi, Alessio},
	Date-Added = {2006-01-16 10:48:21 +0000},
	Date-Modified = {2006-07-13 13:20:59 +0100},
	Keywords = {deep inference},
	Note = {\url{http://cs.bath.ac.uk/ag/p/AG13.pdf}},
	Title = {Formalism {B}},
	Year = {2004}}

@inproceedings{Gugl:05:The-Prob:nu,
	Author = {Guglielmi, Alessio},
	Booktitle = {Structures and Deduction},
	Date-Added = {2006-01-16 10:47:46 +0000},
	Date-Modified = {2006-07-13 13:12:58 +0100},
	Editor = {Paola Bruscoli and Fran{\c c}ois Lamarche and Charles Stewart},
	Keywords = {deep inference},
	Note = {ICALP Workshop. ISSN 1430-211X. \url{http://cs.bath.ac.uk/ag/p/AG14.pdf}},
	Pages = {53--68},
	Publisher = {Technische Universit{\"a}t Dresden},
	Title = {The Problem of Bureaucracy and Identity of Proofs from the Perspective of Deep Inference},
	Year = 2005}

@proceedings{:92:Algebrai:fv,
	Date-Modified = {2006-07-13 13:12:54 +0100},
	Editor = {Kirchner, H. and Levi, G.},
	Month = sep,
	Publisher = {Springer-Verlag},
	Title = {Algebraic and Logic Programming, Third International Conference. Volterra, Italy},
	Year = 1992}

@book{:77:Handbook:xd,
	Address = {Amsterdam},
	Date-Modified = {2006-07-13 13:12:56 +0100},
	Editor = {Barwise, Jon},
	Publisher = {North-Holland},
	Series = {Studies in Logic and the Foundations of Mathematics},
	Title = {Handbook of Mathematical Logic},
	Volume = 90,
	Year = 1977}

@book{:87:Fundamen:fh,
	Date-Modified = {2006-07-13 13:12:56 +0100},
	Editor = {Bibel, W. and Jorrand, Ph.},
	Publisher = {Springer-Verlag},
	Title = {Fundamentals of Artificial Intelligence. An Advanced Course},
	Year = 1987}

@proceedings{:93:Logic-Pr:dl,
	Date-Modified = {2006-07-13 13:12:57 +0100},
	Editor = {Warren, David S.},
	Month = jun,
	Publisher = {The {MIT} Press},
	Title = {Logic Programming, Tenth International Conference},
	Year = 1993}

@article{AbraJagaMala:00:Full-Abs:sw,
	Author = {Abramsky, Samson and Jagadeesan, Radha and Malacaria, Pasquale},
	Date-Modified = {2006-07-13 13:12:56 +0100},
	Journal = {Information and Computation},
	Pages = {409--470},
	Title = {Full Abstraction for {PCF}},
	Volume = 163,
	Year = 2000}

@article{AbraJaga:94:Games-an:px,
	Author = {Abramsky, Samson and Jagadeesan, Radha},
	Date-Modified = {2006-07-13 13:12:56 +0100},
	Journal = {Journal of Symbolic Logic},
	Month = {Jun},
	Number = 2,
	Pages = {543--574},
	Title = {Games and Full Completeness for Multiplicative Linear Logic},
	Volume = 59,
	Year = 1994}

@article{AbruRuet:00:Non-Comm:gd,
	Author = {Abrusci, V. Michele and Ruet, Paul},
	Date-Modified = {2006-07-13 13:12:57 +0100},
	Journal = {Annals of Pure and Applied Logic},
	Number = 1,
	Pages = {29--64},
	Title = {Non-Commutative Logic {I}: {T}he Multiplicative Fragment},
	Volume = 101,
	Year = 2000}

@article{Abru:91:Phase-Se:vo,
	Author = {Abrusci, V. Michele},
	Date-Modified = {2006-07-13 13:12:58 +0100},
	Journal = {Journal of Symbolic Logic},
	Number = 4,
	Pages = {1403--1451},
	Title = {Phase Semantics and Sequent Calculus for Pure Noncommutative Classical Linear Propositional Logic},
	Volume = 56,
	Year = 1991}

@book{AndeBelnDunn:75:Entailme:qc,
	Author = {Anderson, Alan Ross and Belnap, Nuel D. and Dunn, J. Michael},
	Date-Modified = {2006-07-13 13:12:56 +0100},
	Publisher = {Princeton University Press},
	Title = {Entailment: The Logic of Relevance and Necessity},
	Volume = 1,
	Year = 1975}

@incollection{AndrCianPare:93:Interact:fb,
	Author = {Andreoli, Jean-Marc and Ciancarini, Paolo and Pareschi, Remo},
	Booktitle = {Trends in Object-Based Concurrent Computing},
	Date-Modified = {2006-07-13 13:12:56 +0100},
	Editor = {Agha, G. and Wegner, P. and Yonezawa, A.},
	Publisher = {The {MIT} Press},
	Title = {Interaction {A}bstract {M}achines},
	Year = 1993}

@article{Andr:92:Logic-Pr:wa,
	Author = {Andreoli, Jean-Marc},
	Date-Modified = {2006-07-13 13:12:57 +0100},
	Journal = {Journal of Logic and Computation},
	Number = 3,
	Pages = {297--347},
	Title = {Logic Programming with Focusing Proofs in Linear Logic},
	Volume = 2,
	Year = 1992}

@article{AndrPare:91:Linear-O:ta,
	Author = {Andreoli, Jean-Marc and Pareschi, Remo},
	Date-Modified = {2006-07-13 13:12:57 +0100},
	Journal = {New Generation Computing},
	Pages = {445--473},
	Title = {Linear {O}bjects: {L}ogical processes with Built-in Inheritance},
	Volume = 9,
	Year = 1991}

@phdthesis{Aspe:90:Categori:ec,
	Author = {Asperti, Andrea G.},
	Date-Modified = {2006-07-13 13:12:55 +0100},
	Month = mar,
	School = {Uni\-ver\-si\-t{\`a} de\-gli Stu\-di di Pi\-sa},
	Title = {Categorical Topics in Computer Science},
	Year = 1990}

@book{Bare:84:The-Lamb:on,
	Author = {Barendregt, Henk P.},
	Date-Modified = {2006-07-13 13:12:58 +0100},
	Note = {Revised edition},
	Publisher = {North-Holland},
	Series = {Studies in Logic and the Foundations of Mathematics},
	Title = {The Lambda Calculus},
	Volume = 103,
	Year = 1984}

@book{BarrWell:90:Category:lh,
	Author = {Barr, Michael and Wells, Charles},
	Date-Modified = {2006-07-13 13:12:55 +0100},
	Publisher = {Prentice Hall},
	Title = {Category Theory for Computing Science},
	Year = 1990}

@article{BarrWeld:94:Partial-:kq,
	Author = {Barrett, Anthony and Weld, Daniel S.},
	Date-Modified = {2006-07-13 13:12:58 +0100},
	Journal = {Artificial Intelligence},
	Pages = {71--112},
	Title = {Partial-Order Planning: {E}valuating Possible Efficiency Gains},
	Volume = 67,
	Year = 1994}

@article{Bibe:81:On-Matri:wq,
	Author = {Bibel, Wolfgang},
	Date-Modified = {2008-02-18 13:14:45 +0000},
	Journal = {Journal of the {ACM}},
	Number = 4,
	Pages = {633--645},
	Title = {On Matrices with Connections},
	Volume = 28,
	Year = 1981}

@inproceedings{Brog:90:AND-Para:rw,
	Author = {Brogi, Antonio},
	Booktitle = {Logic Programming, Seventh International Conference},
	Date-Modified = {2006-07-13 13:12:55 +0100},
	Editor = {Warren, D.H.D. and Szeredi, P.},
	Pages = {306--321},
	Publisher = {The {MIT} Press},
	Title = {AND-Parallelism without Shared Variables},
	Year = 1990}

@unpublished{Brus::Note-sul:zp,
	Author = {Bruscoli, Paola},
	Date-Modified = {2006-07-13 13:12:57 +0100},
	Note = {Course Notes for Metodi per il Trattamento dell'Informazione, Cesena 1993},
	Title = {Note sulla Semantica Denotazionale del Linguaggio Imperativo {IMP}}}

@incollection{BrusGugl:03:A-Tutori:dp,
	Author = {Bruscoli, Paola and Guglielmi, Alessio},
	Booktitle = {Logic Programming, 19th International Conference},
	Date-Modified = {2006-07-13 13:12:54 +0100},
	Editor = {Palamidessi, Catuscia},
	Note = {Invited tutorial. \url{http://cs.bath.ac.uk/ag/p/PrThFoundLP.pdf}},
	Pages = {109--127},
	Publisher = {Springer-Verlag},
	Series = {Lecture Notes in Computer Science},
	Title = {A Tutorial on Proof Theoretic Foundations of Logic Programming},
	Volume = 2916,
	Year = 2003}

@inproceedings{BrusGugl:03:On-Struc:yi,
	Author = {Bruscoli, Paola and Guglielmi, Alessio},
	Booktitle = {LPAR 2003},
	Date-Modified = {2006-07-13 13:12:57 +0100},
	Editor = {Vardi, Moshe Y. and Voronkov, Andrei},
	Note = {\url{http://cs.bath.ac.uk/pb/sps/sps.pdf}},
	Pages = {389--406},
	Publisher = {Springer-Verlag},
	Series = {Lecture Notes in Artificial Intelligence},
	Title = {On Structuring Proof Search for First Order Linear Logic},
	Volume = 2850,
	Year = 2003}

@article{BrusGugl:06:On-Struc:bf,
	Author = {Bruscoli, Paola and Guglielmi, Alessio},
	Date-Modified = {2006-08-06 19:07:46 +0100},
	Journal = {Theoretical Computer Science},
	Note = {\url{http://cs.bath.ac.uk/pb/sps/spsj.pdf}},
	Number = {1--3},
	Pages = {42--76},
	Title = {On Structuring Proof Search for First Order Linear Logic},
	Volume = {360},
	Year = 2006}

@inproceedings{Brus:02:A-purely:nx,
	Author = {Bruscoli, Paola},
	Booktitle = {17. WLP: Workshop Logische Programmierung, {TU} {D}resden, {D}ecember 11--13, 2002},
	Date-Modified = {2006-07-16 11:32:02 +0100},
	Editor = {Bertram Fronh{\"o}fer and Steffen H{\"o}lldobler},
	Keywords = {deep inference},
	Month = {April},
	Note = {ISSN 1430--211X},
	Number = {TUD--FI03--03},
	Organization = {TU Dresden, 01062 Dresden},
	Series = {Technische Berichte der Fakult{\"a}t Informatik},
	Title = {A Purely Logical Account of Sequentiality in Proof Search -- Extended Abstract},
	Year = 2002}

@inproceedings{Brus:02:A-Purely:wd,
	Author = {Bruscoli, Paola},
	Booktitle = {Logic Programming, 18th International Conference},
	Date-Modified = {2006-07-13 13:12:54 +0100},
	Editor = {Peter J. Stuckey},
	Keywords = {deep inference},
	Note = {\url{http://cs.bath.ac.uk/pb/bvl/bvl.pdf}},
	Pages = {302--316},
	Publisher = {Springer-Verlag},
	Series = {Lecture Notes in Computer Science},
	Title = {A Purely Logical Account of Sequentiality in Proof Search},
	Volume = 2401,
	Year = 2002}

@phdthesis{Brus:97:Linear-L:jh,
	Author = {Bruscoli, Paola},
	Date-Modified = {2006-07-13 13:12:57 +0100},
	School = {University of Ancona (Italy)},
	Title = {Linear Logic for Spatial and Temporal Reasoning -- Proof Search and Partial Order Planning},
	Year = 1997}

@misc{Brus:96:On-Indep:rw,
	Author = {Bruscoli, Paola},
	Date-Modified = {2006-07-13 13:12:57 +0100},
	Month = jun,
	Note = {Talk at GMD-FIRST, Berlin},
	Title = {On Independence and Causality Among Actions in a Linear Logic Setting},
	Year = 1996}

@incollection{BrusGugl:96:A-Linear:zr,
	Author = {Bruscoli, Paola and Guglielmi, Alessio},
	Booktitle = {Coordination Programming: {M}echanisms, Models and Semantics},
	Date-Modified = {2006-07-13 13:12:54 +0100},
	Editor = {Andreoli, Jean-Marc and Hankin, Chris and Le M{\'e}tayer, Daniel},
	Pages = {249--273},
	Publisher = {Imperial College Press},
	Title = {A Linear Logic View of {G}amma Style Computations as Proof Searches},
	Year = 1996}

@misc{Brus:95:Expressi:uf,
	Author = {Bruscoli, Paola},
	Date-Modified = {2006-07-13 13:12:56 +0100},
	Month = oct,
	Note = {Talk at TU, Berlin},
	Title = {Expressiveness of the Abstract Logic Programming Language {F}orum in Planning and Concurrency},
	Year = 1995}

@misc{Brus:95:Usefulne:we,
	Author = {Bruscoli, Paola},
	Date-Modified = {2006-07-13 13:12:59 +0100},
	Month = oct,
	Note = {Talk at GMD-FIRST, Berlin},
	Title = {Usefulness of Linear Abstract Logic Programming in Planning and Simulation},
	Year = 1995}

@unpublished{Brus:95:Consider:jl,
	Author = {Bruscoli, Paola},
	Date-Modified = {2006-07-13 13:12:55 +0100},
	Note = {Final Relation for the Exam on ``Intelligenza Artificiale''},
	Title = {Considerations on Temporal and Spatial Reasoning and on Focusing Attention},
	Year = 1995}

@inproceedings{BrusGugl:95:A-Linear:fr,
	Author = {Bruscoli, Paola and Guglielmi, Alessio},
	Booktitle = {GULP-PRODE '95, Joint Conference on Declarative Programming, Marina di Vietri, Italy},
	Date-Modified = {2006-07-13 13:12:54 +0100},
	Pages = {409--420},
	Publisher = {University of Salerno},
	Title = {A Linear Logic Programming Language with Parallel and Sequential Conjunction},
	Year = 1995}

@inproceedings{BrusGugl:95:On-Gamma:lc,
	Author = {Bruscoli, Paola and Guglielmi, Alessio},
	Booktitle = {Informal Proceedings of the Fourth Compulog-Network Subgroup Meeting on Programming Languages, Marina di Vietri, Italy},
	Date-Modified = {2006-07-13 13:12:57 +0100},
	Title = {On {G}amma Style Computations in Abstract Linear Logic Programming},
	Year = 1995}

@inproceedings{BrusDoviPontRoss:94:Compilin:tw,
	Author = {Bruscoli, Paola and Dovier, Agostino and Pontelli, Enrico and Rossi, Gianfranco},
	Booktitle = {Proceedings of 11th Int'l Conference on Logic Programming, ICLP '94, S.~Margherita Ligure (Italy)},
	Date-Modified = {2006-07-13 13:12:55 +0100},
	Editor = {P.~Van Entenryck},
	Pages = {647--661},
	Publisher = {The {MIT} Press},
	Title = {Compiling Intensional Sets in {CLP}},
	Year = 1994}

@inproceedings{BrusGugl:94:Expressi:bd,
	Author = {Bruscoli, Paola and Guglielmi, Alessio},
	Booktitle = {GULP-PRODE '94, Joint Conference on Declarative Programming, Pe{\~n\'\i}scola, Spain},
	Date-Modified = {2006-07-13 13:12:56 +0100},
	Pages = {221--237},
	Publisher = {Universidad Polit{\'e}cnica De Valencia, 46071 Valencia, Spain},
	Title = {Expressiveness of the Abstract Logic Programming Language {F}orum in Planning and Concurrency},
	Volume = 2,
	Year = 1994}

@inproceedings{BrusGuglLevi:94:Planning:lp,
	Author = {Bruscoli, Paola and Guglielmi, Alessio and Levi, Giorgio},
	Booktitle = {XI Brazilian Symposium on Artificial Intelligence, Fortaleza},
	Date-Modified = {2006-07-13 13:12:58 +0100},
	Pages = {285--299},
	Title = {Planning and Abstract Logic Programming: {A} Linear Logic Approach},
	Year = 1994}

@inproceedings{BrusLeviLeviMeo:94:Compilat:jw,
	Author = {Bruscoli, Paola and Levi, Francesca and Levi, Giorgio and Meo, Maria Chiara},
	Booktitle = {Proceedings of Colloquium on Trees in Algebra and Programming, CAAP '94, Edinburgh (Scotland)},
	Date-Modified = {2006-07-13 13:12:55 +0100},
	Editor = {Sophie Tyson},
	Pages = {52--67},
	Publisher = {Springer-Verlag},
	Series = {Lecture Notes in Computer Science},
	Title = {Compilative Constructive Negation in Constraint Logic Programs},
	Volume = 787,
	Year = 1994}

@inproceedings{BrusDoviPontRoss:93:Extensio:fx,
	Author = {Bruscoli, Paola and Dovier, Agostino and Pontelli, Enrico and Rossi, Gianfranco},
	Booktitle = {Second Compulog Area Network Meeting joint with Workshop on Logic Languages, Pisa},
	Date-Modified = {2006-07-13 13:12:56 +0100},
	Note = {Distributed among participants},
	Title = {Extensional and Intensional Sets in {CLP} with Intensional Negation},
	Year = 1993}

@inproceedings{BrusDoviPontRoss:93:Extensio:ud,
	Author = {Bruscoli, Paola and Dovier, Agostino and Pontelli, Enrico and Rossi, Gianfranco},
	Booktitle = {ICLP '93 Post-Conference Workshop on Logic Programming with Sets, Budapest, Hungary},
	Date-Modified = {2006-07-13 13:12:56 +0100},
	Note = {Distributed among participants},
	Title = {Extensional and Intensional Sets in {CLP} with Intensional Negation},
	Year = 1993}

@inproceedings{BrusLeviLeviMeo:93:Intensio:ya,
	Author = {Bruscoli, Paola and Levi, Francesca and Levi, Giorgio and Meo, Maria Chiara},
	Booktitle = {GULP '93, Proceedings of the 8th Italian Conference on Logic Programming, Gizzeria Lido, Italy},
	Date-Modified = {2006-07-13 13:12:56 +0100},
	Editor = {Domenico Sacc{\`a}},
	Pages = {359--373},
	Publisher = {Mediterranean Press s.r.l., Via S.~Pellico 13, 87030 Rende (CS), Italy},
	Title = {Intensional Negation in Constraint Logic Programs},
	Year = 1993}

@inproceedings{BrusLeviLeviMeo:93:Intensio:xz,
	Author = {Bruscoli, Paola and Levi, Francesca and Levi, Giorgio and Meo, Maria Chiara},
	Booktitle = {Second Compulog Area Network Meeting joint with Workshop on Logic Languages, Pisa},
	Date-Modified = {2006-07-13 13:12:56 +0100},
	Note = {Distributed among participants},
	Title = {Intensional Negation in Constraint Logic Programs},
	Year = 1993}

@techreport{BrusLeviLeviMeo:93:Intensio:oa,
	Author = {Bruscoli, Paola and Levi, Francesca and Levi, Giorgio and Meo, Maria Chiara},
	Date-Modified = {2006-07-13 13:12:56 +0100},
	Institution = {Dipartimento di Informatica, Universit\`a di Pisa, Italy},
	Number = {TR 11/93},
	Title = {Intensional Negation in {CLP}},
	Year = 1993}

@unpublished{Chir:94:Proof-Th:li,
	Author = {Chirimar, Jawahar Lal},
	Date-Modified = {2006-07-13 13:12:58 +0100},
	Note = {Dissertation Proposal. Computer Science Department, University of Pennsylvania},
	Title = {Proof Theoretic Approach to Specification Languages},
	Year = 1994}

@misc{CianGorrZava:95:An-Alter:pb,
	Author = {Ciancarini, Paolo and Gorrieri, Roberto and Zavattaro, Gianluigi},
	Date-Modified = {2007-02-22 07:06:42 +0000},
	Title = {An Alternative Semantics for the calculus of {G}amma Programs},
	Year = 1995}

@inproceedings{CorrAspe:92:A-Catego:yq,
	Author = {Corradini, Andrea and Asperti, Andrea},
	Booktitle = {REX Workshop, Beekbergen (NL)},
	Date-Modified = {2006-07-13 13:12:54 +0100},
	Pages = {110--137},
	Title = {A Categorical Model for Logic Programs: {I}ndexed Monoidal Categories},
	Year = 1992}

@article{CorrMont:92:An-Algeb:la,
	Author = {Corradini, Andrea and Montanari, Ugo},
	Date-Modified = {2006-07-13 13:12:54 +0100},
	Journal = {Theoretical Computer Science},
	Pages = {51--106},
	Title = {An Algebraic Semantics for Structured Transition Systems and Its Application to Logic Programs},
	Volume = 103,
	Year = 1992}

@phdthesis{Corr:90:An-Algeb:dz,
	Author = {Corradini, Andrea},
	Date-Modified = {2006-07-13 13:12:54 +0100},
	School = {Uni\-ver\-si\-t{\`a} de\-gli Stu\-di di Pi\-sa},
	Title = {An Algebraic Semantics for Transition Systems and Logic Programming},
	Year = 1990}

@inproceedings{Di-G:04:Structur:wy,
	Author = {Di Gianantonio, Pietro},
	Booktitle = {CSL 2004},
	Date-Modified = {2006-07-13 13:12:58 +0100},
	Editor = {J. Marcinkowski and A. Tarlecki},
	Keywords = {deep inference},
	Note = {\url{http://www.dimi.uniud.it/~pietro/papers/Soft-copy-ps/scll.ps.gz}},
	Pages = {130--144},
	Publisher = {Springer-Verlag},
	Series = {Lecture Notes in Computer Science},
	Title = {Structures for Multiplicative Cyclic Linear Logic: {D}eepness Vs Cyclicity},
	Volume = 3210,
	Year = 2004}

@inproceedings{Di-GGuglLevi:93:Chemical:bv,
	Author = {Di Gianantonio, Pietro and Guglielmi, Alessio and Levi, Giorgio},
	Booktitle = {ICLP '93 Post-Conference Workshop on Blackboard-Based Logic Programming, Budapest, Hungary},
	Date-Modified = {2006-07-13 13:12:55 +0100},
	Editor = {De Bosschere, K. and Jacquet, J.-M. and Tarau, P.},
	Note = {Distributed among participants},
	Pages = {7--19},
	Title = {Chemical Logic Programming?},
	Year = 1993}

@article{FalaLeviPala:84:A-Synchr:qe,
	Author = {Falaschi, Moreno and Levi, Giorgio and Palamidessi, Catuscia},
	Date-Modified = {2006-07-13 13:12:54 +0100},
	Journal = {Information and Control},
	Pages = {36--69},
	Title = {A Synchronization Logic: {A}xiomatics and Formal Semantics of Generalized {H}orn Clauses},
	Volume = 60,
	Year = 1984}

@article{Gall:93:Construc:mb,
	Author = {Gallier, Jean},
	Date-Modified = {2006-07-13 13:12:55 +0100},
	Journal = {Theoretical Computer Science},
	Pages = {249--339},
	Title = {Constructive Logics. {P}art {I}: {A} Tutorial on Proof Systems and Typed $\lambda$-Calculi},
	Volume = 110,
	Year = 1993}

@unpublished{Gall:92:Construc:xq,
	Author = {Gallier, Jean},
	Date-Modified = {2006-07-13 13:12:55 +0100},
	Month = {Jul},
	Note = {Available by anonymous ftp from ftp.cis.upenn.edu},
	Title = {Constructive Logics. {P}art {II}: {L}inear Logic and Proof Nets},
	Year = 1992}

@article{GalmPerr:94:On-Proof:yj,
	Author = {Galmiche, D. and Perrier, G.},
	Date-Modified = {2006-07-13 13:12:57 +0100},
	Journal = {Theoretical Computer Science},
	Number = 1,
	Pages = {67--110},
	Title = {On Proof Normalization in Linear Logic},
	Volume = 135,
	Year = 1994}

@incollection{Gent:69:Investig:xi,
	Address = {Amsterdam},
	Author = {Gentzen, Gerhard},
	Booktitle = {The Collected Papers of Gerhard Gentzen},
	Date-Modified = {2006-07-13 13:12:56 +0100},
	Editor = {Szabo, M.~E.},
	Pages = {68--131},
	Publisher = {North-Holland},
	Title = {Investigations into Logical Deduction},
	Year = 1969}

@article{Gira:01:Locus-So:bu,
	Author = {Girard, Jean-Yves},
	Date-Modified = {2006-07-13 13:12:57 +0100},
	Journal = {Mathematical Structures in Computer Science},
	Pages = {301--506},
	Publisher = {Cambridge University Press},
	Title = {Locus Solum: {F}rom the Rules of Logic to the Logic of Rules},
	Volume = 11,
	Year = 2001}

@book{GiraLafoTayl:90:Proofs-a:lf,
	Author = {Girard, Jean-Yves and Lafont, Yves and Taylor, Paul},
	Date-Modified = {2006-07-13 13:12:58 +0100},
	Publisher = {Cambridge University Press},
	Series = {Cambridge Tracts in Theoretical Computer Science},
	Title = {Proofs and Types},
	Volume = 7,
	Year = 1990}

@inproceedings{Gira:89:Geometry:sh,
	Author = {Girard, Jean-Yves},
	Booktitle = {Logic Colloquium '88},
	Date-Modified = {2006-07-13 13:12:56 +0100},
	Editor = {Ferro and Bonotto and Valentini and Zanardo},
	Pages = {221-260},
	Publisher = {Elsevier (North-Holland)},
	Title = {Geometry of Interaction 1: {I}interpretation of System {F}},
	Year = 1989}

@book{Gira:87:Proof-Th:mk,
	Address = {Napoli},
	Author = {Girard, Jean-Yves},
	Date-Modified = {2006-07-13 13:12:58 +0100},
	Note = {Distributed by Elsevier},
	Publisher = {Bibliopolis},
	Series = {Studies in Proof Theory},
	Title = {Proof Theory and Logical Complexity, Volume I},
	Volume = 1,
	Year = 1987}

@article{Gira:87:Linear-L:wm,
	Author = {Girard, Jean-Yves},
	Date-Modified = {2006-07-13 13:12:57 +0100},
	Journal = {Theoretical Computer Science},
	Pages = {1--102},
	Title = {Linear Logic},
	Volume = 50,
	Year = 1987}

@unpublished{Gugl:02:Goodness:ti,
	Author = {Guglielmi, Alessio},
	Date-Modified = {2006-07-13 13:20:23 +0100},
	Keywords = {deep inference},
	Note = {\url{http://cs.bath.ac.uk/ag/p/AG1.pdf}},
	Title = {Goodness, Perfection and Miracles},
	Year = {2002}}

@unpublished{Gugl:02:Recipe:xv,
	Author = {Guglielmi, Alessio},
	Date-Modified = {2006-07-13 13:18:56 +0100},
	Keywords = {deep inference},
	Note = {\url{http://cs.bath.ac.uk/ag/p/AG2.pdf}},
	Title = {Recipe},
	Year = {2002}}

@unpublished{Gugl:02:On-Lafon:iq,
	Author = {Guglielmi, Alessio},
	Date-Modified = {2006-07-13 13:19:26 +0100},
	Keywords = {deep inference},
	Note = {\url{http://cs.bath.ac.uk/ag/p/AG5.pdf}},
	Title = {On {L}afont's Counterexample},
	Year = {2002}}

@unpublished{Gugl:03:Normalis:tf,
	Author = {Guglielmi, Alessio},
	Date-Modified = {2006-07-13 13:19:39 +0100},
	Keywords = {deep inference},
	Note = {\url{http://cs.bath.ac.uk/ag/p/AG6.pdf}},
	Title = {Normalisation Without Cut Elimination},
	Year = {2003}}

@unpublished{Gugl:05:Butterfl:mb,
	Author = {Guglielmi, Alessio},
	Date-Modified = {2006-07-13 13:21:34 +0100},
	Keywords = {deep inference},
	Note = {\url{http://cs.bath.ac.uk/ag/p/AG7.pdf}},
	Title = {Butterflies},
	Year = {2005}}

@unpublished{Gugl:02:Subatomi:oh,
	Author = {Guglielmi, Alessio},
	Date-Modified = {2006-07-13 13:16:56 +0100},
	Keywords = {deep inference},
	Note = {\url{http://cs.bath.ac.uk/ag/p/AG8.pdf}},
	Title = {Subatomic Logic},
	Year = {2002}}

@unpublished{Gugl:03:Mismatch:pt,
	Author = {Guglielmi, Alessio},
	Date-Modified = {2006-07-13 13:20:05 +0100},
	Keywords = {deep inference},
	Note = {\url{http://cs.bath.ac.uk/ag/p/AG9.pdf}},
	Title = {Mismatch},
	Year = {2003}}

@unpublished{Gugl:03:Resoluti:ce,
	Author = {Guglielmi, Alessio},
	Date-Modified = {2006-07-13 13:18:41 +0100},
	Keywords = {deep inference},
	Note = {\url{http://cs.bath.ac.uk/ag/p/AG10.pdf}},
	Title = {Resolution in the Calculus of Structures},
	Year = {2003}}

@unpublished{Gugl:04:Formalis:am,
	Author = {Guglielmi, Alessio},
	Date-Modified = {2006-07-13 13:21:10 +0100},
	Keywords = {deep inference},
	Note = {\url{http://cs.bath.ac.uk/ag/p/AG11.pdf}},
	Title = {Formalism {A}},
	Year = {2004}}

@unpublished{Gugl:04:Polynomi:zi,
	Author = {Guglielmi, Alessio},
	Date-Modified = {2006-07-13 13:19:10 +0100},
	Keywords = {deep inference},
	Note = {\url{http://cs.bath.ac.uk/ag/p/AG12.pdf}},
	Title = {Polynomial Size Deep-Inference Proofs Instead of Exponential Size Shallow-Inference Proofs},
	Year = {2004}}

@article{Gugl:06:A-System:kl,
	Author = {Guglielmi, Alessio},
	Date-Modified = {2007-01-19 18:24:36 +0000},
	Journal = {ACM Transactions on Computational Logic},
	Keywords = {deep inference},
	Note = {\url{http://cs.bath.ac.uk/ag/p/SystIntStr.pdf}},
	Number = {1},
	Pages = {1--64},
	Title = {A System of Interaction and Structure},
	Volume = {8},
	Year = 2007}

@phdthesis{Gugl:96:Abstract:th,
	Author = {Guglielmi, Alessio},
	Date-Modified = {2006-07-13 13:12:54 +0100},
	Number = {TD-4/96},
	Publisher = {Uni\-Ver\-Si\-t\`a Di Pisa},
	School = {Uni\-ver\-si\-t\`a di Pisa},
	Title = {Abstract Logic Programming in Linear Logic---Independence and Causality in a First Order Calculus},
	Year = 1996}

@inproceedings{Gugl:95:Sequenti:fb,
	Author = {Guglielmi, Alessio},
	Booktitle = {Structures in Concurrency Theory},
	Date-Modified = {2006-07-13 13:12:58 +0100},
	Editor = {Desel, J{\"o}rg},
	Pages = {160--174},
	Publisher = {Springer-Verlag},
	Series = {Workshops in Computing},
	Title = {Sequentiality by Linear Implication and Universal Quantification},
	Year = 1995}

@inproceedings{Gugl:94:Concurre:zt,
	Author = {Guglielmi, Alessio},
	Booktitle = {Logic Programming, 11th International Conference, S.~Margherita Ligure, Italy},
	Date-Modified = {2006-07-13 13:12:55 +0100},
	Editor = {Van Hentenryck, P.},
	Pages = {240--254},
	Publisher = {The {MIT} Press},
	Title = {Concurrency and Plan Generation in a Logic Programming Language with a Sequential Operator},
	Year = 1994}

@inproceedings{GuglLevi:93:Chemical:fu,
	Author = {Guglielmi, Alessio and Levi, Giorgio},
	Booktitle = {Second {C}ompulog {N}etwork Area Meeting on Programming Languages, Pisa, Italy},
	Date-Modified = {2006-07-13 13:12:55 +0100},
	Note = {Extended abstract. Distributed among participants},
	Pages = {3--6},
	Title = {Chemical Logic Programming?},
	Year = 1993}

@inproceedings{GuglLevi:93:Chemical:kb,
	Author = {Guglielmi, Alessio and Levi, Giorgio},
	Booktitle = {Ot\-ta\-vo Con\-ve\-gno sul\-la Pro\-gram\-ma\-zio\-ne Lo\-gi\-ca, Giz\-ze\-ria, Italy},
	Date-Modified = {2006-07-13 13:12:55 +0100},
	Editor = {Sacc{\`a}, D.},
	Pages = {39--51},
	Publisher = {Mediterranean Press s.r.l, Via S.~Pellico 13, 87030 Rende (CS), Italy},
	Title = {Chemical Logic Programming?},
	Year = 1993}

@mastersthesis{Gugl:91:Un-Algor:er,
	Author = {Guglielmi, Alessio},
	Date-Modified = {2006-07-13 13:12:59 +0100},
	School = {Universit\`a degli Studi di Pisa},
	Title = {Un Algoritmo a Controllo Distribuito per la Risoluzione {SLD}},
	Year = 1991}

@article{HarlPym:94:A-Unifor:hc,
	Author = {Harland, J.A. and Pym, D.J.},
	Date-Modified = {2006-07-13 13:12:54 +0100},
	Journal = {Journal of Logic and Computation},
	Month = apr,
	Number = 2,
	Pages = {175--207},
	Title = {A Uniform Proof-Theoretic Investigation of Linear Logic Programming},
	Volume = 4,
	Year = 1994}

@book{Hent:89:Constrai:gb,
	Author = {Hentenryck, P. V.},
	Date-Modified = {2006-07-13 13:12:55 +0100},
	Publisher = {The {MIT} Press},
	Title = {Constraint Satisfaction in {L}ogic {P}rogramming},
	Year = 1989}

@article{HodaMill:94:Logic-Pr:xh,
	Author = {Hodas, Joshua S. and Miller, Dale},
	Date-Modified = {2006-07-13 13:12:57 +0100},
	Journal = {Information and Computation},
	Month = may,
	Number = 2,
	Pages = {327--365},
	Title = {Logic Programming in a Fragment of Intuitionistic Linear Logic},
	Volume = 110,
	Year = 1994}

@inproceedings{Kano:00:Simulati:rp,
	Author = {Kanovich, Max},
	Booktitle = {Electronic Notes in Theoretical Computer Science},
	Date-Modified = {2006-07-13 13:12:58 +0100},
	Editor = {Jean-Yves Girard, Mitsuhiro Okada and Andre Scedrov},
	Publisher = {Elsevier Science Publishers},
	Title = {Simulating Computations in Second Order Non-Commutative Linear Logic},
	Volume = 3,
	Year = 2000}

@incollection{Klop:92:Term-Rew:qb,
	Author = {Klop, Jan Willem},
	Booktitle = {Handbook of Logic in Computer Science},
	Date-Modified = {2006-07-13 13:12:58 +0100},
	Editor = {Abramsky, S. and Gabbay, D. and Maibaum, T.},
	Pages = {1--116},
	Publisher = {Oxford University Press},
	Title = {Term Rewriting Systems},
	Volume = 2,
	Year = 1992}

@inproceedings{KobaYone:92:Asynchro:qa,
	Author = {Kobayashi, N. and Yonezawa, A.},
	Booktitle = {Joint Intl. Conf. and Symp. on Logic Programming, Workshop on Linear Logic and Logic Programming, Washington},
	Date-Modified = {2006-07-13 13:12:55 +0100},
	Title = {Asynchronous Communication Model Based on Linear Logic},
	Year = 1992}

@article{Lafo:97:Interact:jb,
	Author = {Lafont, Yves},
	Date-Modified = {2006-07-13 13:12:56 +0100},
	Journal = {Information and Computation},
	Pages = {69--101},
	Title = {Interaction Combinators},
	Volume = 137,
	Year = 1997}

@article{Lamb:58:The-Math:mw,
	Author = {Lambek, Joachim},
	Date-Modified = {2006-07-13 13:12:58 +0100},
	Journal = {American Mathematical Monthly},
	Pages = {154--169},
	Title = {The Mathematics of Sentence Structure},
	Volume = 65,
	Year = 1958}

@inbook{Lawv:63:Functori:cr,
	Author = {Lawvere, F.W.},
	Booktitle = {Proceedings of the National Academy of Sciences, USA},
	Date-Modified = {2006-07-13 13:12:56 +0100},
	Note = {Summary of PhD thesis, Columbia University},
	Pages = {869--872},
	Publisher = {National Academy of Sciences},
	Title = {Functorial Semantics of Algebraic Theories},
	Volume = 50,
	Year = 1963}

@article{LincMitcScedShan:92:Decision:hq,
	Author = {Lincoln, P. and Mitchell, J. and Scedrov, A. and Shankar, N.},
	Date-Modified = {2006-07-13 13:12:55 +0100},
	Journal = {Annals of Pure and Applied Logic},
	Number = {1--3},
	Pages = {239--311},
	Title = {Decision Problems for Propositional Linear Logic},
	Volume = 56,
	Year = 1992}

@book{Lloy:87:Foundati:hs,
	Author = {Lloyd, J.W.},
	Date-Modified = {2006-07-13 13:12:56 +0100},
	Publisher = {Springer-Verlag},
	Series = {Symbolic Computation},
	Title = {Foundations of Logic Programming},
	Year = 1987}

@article{MassTollVauz:93:Generati:pr,
	Author = {Masseron, M. and Tollu, C. and Vauzeilles, J.},
	Date-Modified = {2006-07-13 13:12:56 +0100},
	Journal = {Theoretical Computer Science},
	Pages = {349--370},
	Title = {Generating Plans in Linear Logic {I}. {A}ctions as Proofs},
	Volume = 113,
	Year = 1993}

@article{McCaHaye:69:Some-Phi:kv,
	Author = {McCarthy, J. and Hayes, P.J.},
	Date-Modified = {2006-07-13 13:12:58 +0100},
	Journal = {Machine Intelligence},
	Pages = {463--502},
	Title = {Some Philosophical Problems from the Standpoint of Artificial Intelligence},
	Volume = 4,
	Year = 1969}

@unpublished{Mill::Document:yo,
	Author = {Miller, Dale},
	Date-Modified = {2006-07-13 13:12:55 +0100},
	Note = {\url{http://www.lix.polytechnique.fr/Labo/Dale.Miller/lProlog/docs.html}},
	Title = {Documentation for Lambda Prolog}}

@unpublished{Mill::Overview:lt,
	Author = {Miller, Dale},
	Date-Modified = {2006-07-13 13:12:57 +0100},
	Note = {Accepted as a chapter for a book on linear logic, edited by Thomas Ehrhard, Jean-Yves Girard, Paul Ruet, and Phil Scott. Cambridge University Press. \url{http://www.lix.polytechnique.fr/Labo/Dale.Miller/papers/llp.pdf}},
	Title = {Overview of Linear Logic Programming}}

@article{Mill:96:Forum:-A:zv,
	Author = {Miller, Dale},
	Date-Modified = {2006-07-13 13:12:56 +0100},
	Journal = {Theoretical Computer Science},
	Pages = {201--232},
	Title = {Forum: {A} Multiple-Con\-clu\-sion Specification Logic},
	Volume = 165,
	Year = 1996}

@inproceedings{Mill:94:A-Multip:pd,
	Address = {Paris},
	Author = {Miller, Dale},
	Booktitle = {Ninth Annual IEEE Symp. on Logic in Computer Science},
	Date-Modified = {2006-07-13 13:12:54 +0100},
	Editor = {Abramsky, S.},
	Month = jul,
	Pages = {272--281},
	Title = {A Multiple-Con\-clu\-sion Me\-ta-Log\-ic},
	Year = 1994}

@inproceedings{Mill:93:The-Prel:yt,
	Author = {Miller, Dale},
	Booktitle = {1992 Workshop on Extensions to Logic Programming},
	Date-Modified = {2006-07-13 13:12:58 +0100},
	Editor = {Lamma, E. and Mello, P.},
	Pages = {242--265},
	Publisher = {Springer-Verlag},
	Series = {Lecture Notes in Computer Science},
	Title = {The $\pi$-calculus as a Theory in Linear Logic: {P}reliminary Results},
	Volume = 660,
	Year = 1993}

@unpublished{Mill:92:Linear-L:sh,
	Author = {Miller, Dale},
	Date-Modified = {2006-07-13 13:12:57 +0100},
	Month = nov,
	Note = {Slides for the {W}orkshop on Linear Logic and Logic Programming, {W}ashington {DC}},
	Title = {Linear Logic and Logic Programming: {A}n Overview},
	Year = 1992}

@article{MillNadaPfenSced:91:Uniform-:ph,
	Author = {Miller, Dale and Nadathur, Gopalan and Pfenning, Frank and Scedrov, Andre},
	Date-Modified = {2006-07-13 13:12:59 +0100},
	Journal = {Annals of Pure and Applied Logic},
	Pages = {125--157},
	Title = {Uniform Proofs as a Foundation for Logic Programming},
	Volume = 51,
	Year = 1991}

@incollection{Mill:90:Abstract:bs,
	Author = {Miller, Dale},
	Booktitle = {Logic and Computer Science},
	Date-Modified = {2006-07-13 13:12:54 +0100},
	Editor = {Odifreddi, P.},
	Pages = {329--359},
	Publisher = {Academic Press},
	Title = {Abstractions in logic programming},
	Year = 1990}

@inproceedings{Mill:89:Lexical-:pz,
	Address = {Lisbon, Portugal},
	Author = {Miller, Dale},
	Booktitle = {Proceedings of the Sixth International Conference on Logic Programming},
	Date-Modified = {2006-07-13 13:12:57 +0100},
	Editor = {G. Levi and M. Martelli},
	Month = jun,
	Pages = {268--283},
	Publisher = {The {MIT} Press},
	Title = {Lexical Scoping as Universal Quantification},
	Year = 1989}

@book{Miln:89:Communic:qo,
	Author = {Milner, Robin},
	Date-Modified = {2006-07-13 13:12:55 +0100},
	Publisher = {Prentice Hall},
	Series = {International Series in Computer Science},
	Title = {Communication and Concurrency},
	Year = 1989}

@article{MintBresDrum:94:Total-Or:gc,
	Author = {Minton, Steven and Bresina, John and Drummond, Mark},
	Date-Modified = {2006-07-13 13:12:59 +0100},
	Journal = {Journal of Artificial Intelligence Research},
	Pages = {227--262},
	Title = {Total-Order and Partial-Order Planning: {A} Comparative Analysis},
	Volume = 2,
	Year = 1994}

@inproceedings{Morr:95:Higher-O:fi,
	Author = {Morrill, G.},
	Booktitle = {Proceedings of the Meeting of the European Chapter of the Association for Computational Linguistics},
	Date-Modified = {2006-07-13 13:12:56 +0100},
	Title = {Higher Order Linear Logic Programming of Categorial Deduction},
	Year = 1995}

@article{Nada:98:Uniform-:fm,
	Author = {Nadathur, Gopalan},
	Date-Modified = {2006-07-13 13:12:59 +0100},
	Journal = {Journal of Logic and Computation},
	Number = 2,
	Pages = {209--229},
	Title = {Uniform Provability in Classical Logic},
	Volume = 8,
	Year = 1998}

@article{NadaMill:90:Higher-O:le,
	Author = {Nadathur, Gopalan and Miller, Dale},
	Date-Modified = {2006-07-13 13:12:56 +0100},
	Journal = {Journal of the {ACM}},
	Number = 4,
	Pages = {777--814},
	Title = {Higher-Order {H}orn Clauses},
	Volume = 37,
	Year = 1990}

@article{Beln:82:Display-:ss,
	Author = {Belnap, Nuel D.},
	Date-Modified = {2006-07-13 13:12:55 +0100},
	Journal = {Journal of Philosophical Logic},
	Pages = {375--417},
	Title = {Display Logic},
	Volume = 11,
	Year = 1982}

@inproceedings{Perr:95:A-Model-:qf,
	Author = {Perrier, G.},
	Booktitle = {Computer Science Logic, Paderborn},
	Date-Modified = {2006-07-13 13:12:54 +0100},
	Title = {A Model of Concurrency Based on Linear Logic},
	Year = 1995}

@article{PolaPfen:99:Relating:vp,
	Author = {Polakow, Jeff and Pfenning, Frank},
	Date-Modified = {2006-07-13 13:12:58 +0100},
	Journal = {Electronic Notes in Theoretical Computer Science},
	Note = {\url{http://www.elsevier.nl/locate/entcs/volume20.html}},
	Title = {Relating Natural Deduction and Sequent Calculus for Intuitionistic Non-Commutative Linear Logic},
	Volume = 20,
	Year = 1999}

@book{Praw:65:Natural-:qz,
	Author = {Prawitz, Dag},
	Date-Modified = {2006-07-13 13:12:57 +0100},
	Publisher = {Almqvist \& Wiksell},
	Title = {Natural Deduction},
	Year = 1965}

@unpublished{PryoPymMurp:95:Processe:lg,
	Author = {Pryor, Louise and Pym, David and Murphy, David},
	Date-Modified = {2006-07-13 13:12:58 +0100},
	Note = {Submitted},
	Title = {Processes for plan-execution},
	Year = 1995}

@inproceedings{PymPryoMurp:95:Action-a:fy,
	Author = {Pym, David and Pryor, Louise and Murphy, David},
	Booktitle = {Proc. of the AAAI Symposium on Extending Theories of Action: Formal Theory and Practical Application. Stanford University},
	Date-Modified = {2006-07-13 13:12:54 +0100},
	Title = {Action as processes: a position on planning},
	Year = 1995}

@book{Reis:85:Petri-Ne:tp,
	Author = {Reisig, Wolfgang},
	Date-Modified = {2006-07-13 13:12:58 +0100},
	Publisher = {Springer-Verlag},
	Series = {EATCS Monographs on Theoretical Computer Science},
	Title = {Petri Nets. An Introduction},
	Volume = 4,
	Year = 1985}

@book{Rest:00:An-Intro:kl,
	Author = {Restall, Greg},
	Date-Modified = {2006-07-13 13:12:54 +0100},
	Publisher = {Routledge},
	Title = {An Introduction to Substructural Logics},
	Year = 2000}

@article{Ruet:00:Non-Comm:ix,
	Author = {Ruet, Paul},
	Date-Modified = {2006-07-13 13:12:57 +0100},
	Journal = {Mathematical Structures in Computer Science},
	Pages = {277--312},
	Title = {Non-Commutative Logic {II}: {S}equent Calculus and Phase Semantics},
	Volume = 10,
	Year = 2000}

@inproceedings{Sand:94:Composed:il,
	Address = {Aarhus, Denmark},
	Author = {Sands, David},
	Booktitle = {Proceedings of the 6th Nordic Workshop on Programming Theory},
	Date-Modified = {2006-07-13 13:12:55 +0100},
	Number = {NS-94-6},
	Pages = {360--377},
	Series = {{BRICS} Notes Series},
	Title = {Composed Reduction Systems},
	Year = 1994}

@unpublished{SaraLinc:92:Higher-O:bx,
	Author = {Saraswat, Vijay and Lincoln, Patrick},
	Date-Modified = {2006-07-13 13:12:56 +0100},
	Month = jul,
	Note = {Available by anonymous ftp from parcftp.xerox.com},
	Title = {Higher-Order, Linear, Concurrent Constraint Programming},
	Year = 1992}

@inproceedings{Scot:70:Outline-:qw,
	Author = {Scott, Dana},
	Booktitle = {Fourth Annual Princeton Conference on Information Sciences and Systems},
	Date-Modified = {2006-07-13 13:12:57 +0100},
	Note = {A revised and slightly expanded version is Tech. Mono. PRG-2, Programming Research Group, University of Oxford, 1970.},
	Title = {Outline of a Mathematical Theory of Computation},
	Year = 1970}

@article{Shep:89:A-Sound-:oq,
	Author = {Shepherdson, J.C.},
	Date-Modified = {2006-07-13 13:12:54 +0100},
	Journal = {Theoretical Computer Science},
	Pages = {343--371},
	Title = {A Sound and Complete Semantics for a Version of Negation as Failure},
	Volume = 65,
	Year = 1989}

@techreport{Tiu:01:Properti:zk,
	Author = {Tiu, Alwen Fernanto},
	Date-Modified = {2006-07-13 13:12:58 +0100},
	Institution = {Technische Universit{\"a}t Dresden},
	Keywords = {deep inference},
	Note = {\url{http://users.rsise.anu.edu.au/~tiu/thesisc.pdf}},
	Number = {WV-01-06},
	Title = {Properties of a Logical System in the Calculus of Structures},
	Year = 2001}

@techreport{Tiu:01:A1-Unifi:ij,
	Author = {Tiu, Alwen Fernanto},
	Date-Modified = {2006-07-13 13:12:54 +0100},
	Institution = {Technische Universit{\"a}t Dresden},
	Keywords = {deep inference},
	Note = {\url{http://users.rsise.anu.edu.au/~tiu/a1.ps.gz}},
	Number = {WV-01-08},
	Title = {{A1}-Unification},
	Year = 2001}

@techreport{Tiu:01:Combinin:qf,
	Author = {Tiu, Alwen Fernanto},
	Date-Modified = {2006-07-13 13:12:55 +0100},
	Institution = {Technische Universit{\"a}t Dresden},
	Keywords = {deep inference},
	Note = {\url{http://users.rsise.anu.edu.au/~tiu/comb4.ps.gz}},
	Number = {WV-01-09},
	Title = {Combining {A1}- and {AC1}-Unification Sharing Unit},
	Year = 2001}

@book{TroeSchw:96:Basic-Pr:mi,
	Author = {Troelstra, A.S. and Schwichtenberg, H.},
	Date-Modified = {2006-07-13 13:12:55 +0100},
	Publisher = {Cambridge University Press},
	Series = {Cambridge Tracts in Theoretical Computer Science},
	Title = {Basic Proof Theory},
	Volume = 43,
	Year = 1996}

@book{Troe:92:Lectures:mq,
	Address = {Leland Stanford Junior University, Ventura Hall, Stanford {CA} 94305 {USA}},
	Author = {Troelstra, A.S.},
	Date-Modified = {2006-07-13 13:12:57 +0100},
	Publisher = {Center for the Study of Language and Information},
	Series = {CSLI Lecture Notes},
	Title = {Lectures on Linear Logic},
	Volume = 29,
	Year = 1992}

@article{Wile:95:Modular-:gs,
	Author = {Wiles, Andrew},
	Date-Modified = {2006-07-13 13:12:57 +0100},
	Journal = {Annals of Mathematics},
	Month = may,
	Number = 3,
	Pages = {443--551},
	Title = {Modular Elliptic Curves and {F}ermat's Last Theorem},
	Volume = 141,
	Year = 1995}

@incollection{WinsNiel:95:Models-f:iw,
	Author = {Winskel, G. and Nielsen, M.},
	Booktitle = {Handbook of Logic in Computer Science},
	Date-Modified = {2006-07-13 13:12:57 +0100},
	Publisher = {Oxford University Press},
	Title = {Models for Concurrency},
	Volume = 4,
	Year = 1995}

@article{Yett:90:Quantale:yg,
	Author = {Yetter, David N.},
	Date-Modified = {2006-07-13 13:12:58 +0100},
	Journal = {Journal of Symbolic Logic},
	Number = 1,
	Pages = {41--64},
	Title = {Quantales and (Noncommutative) Linear Logic},
	Volume = 55,
	Year = 1990}

@article{BanaLe-M:90:The-Gamm:um,
	Author = {Ban{\^a}tre, Jean-Pierre and Le M{\'e}tayer, Daniel},
	Date-Modified = {2006-07-13 13:12:58 +0100},
	Journal = {Science of Computer Programming},
	Month = {Nov},
	Number = 1,
	Pages = {55--77},
	Title = {The {G}amma Model and Its Discipline of Programming},
	Volume = 15,
	Year = 1990}

@inproceedings{BechDe-GReto:97:A-Comple:vn,
	Author = {Bechet, Denis and De Groote, Philippe and Retor{\'e}, Christian},
	Booktitle = {Rewriting Techniques and Applications, RTA '97},
	Date-Modified = {2006-07-13 13:12:54 +0100},
	Editor = {H. Comon},
	Pages = {230--240},
	Publisher = {Springer-Verlag},
	Series = {Lecture Notes in Computer Science},
	Title = {A Complete Axiomatisation of the Inclusion of Series-Parallel Orders},
	Volume = 1232,
	Year = 1997}

@inproceedings{BerrBoud:90:The-Chem:kk,
	Author = {Berry, G{\'e}rard and Boudol, G{\'e}rard},
	Booktitle = {17th ACM Symposium on Principles of Programming Languages},
	Date-Modified = {2006-07-13 13:12:58 +0100},
	Pages = {81--93},
	Title = {The {C}hemical {A}bstract {M}achine},
	Year = 1990}

@incollection{BrunGugl:04:A-First-:ys,
	Author = {Br{\"u}nnler, Kai and Guglielmi, Alessio},
	Booktitle = {First-Order Logic Revisited},
	City = {Berlin},
	Date-Modified = {2007-03-17 11:01:13 +0000},
	Editor = {Hendricks, Vincent and Neuhaus, Fabian and Pedersen, Stig Andur and Scheffler, Uwe and Wansing, Heinrich},
	Keywords = {deep inference},
	Note = {\url{http://www.iam.unibe.ch/~kai/Papers/FinitaryFOL.pdf}},
	Pages = {59--74},
	Publisher = {Logos Verlag},
	Series = {Logische Philosophie},
	Title = {A First Order System with Finite Choice of Premises},
	Year = 2004}

@book{Brun:04:Deep-Inf:rq,
	Address = {Berlin},
	Author = {Br{\"u}nnler, Kai},
	Date-Modified = {2006-07-13 13:12:55 +0100},
	Keywords = {deep inference},
	Note = {\url{http://www.iam.unibe.ch/~kai/Papers/phd.pdf}},
	Publisher = {Logos Verlag},
	Title = {Deep Inference and Symmetry in Classical Proofs},
	Year = 2004}

@article{Brun:06:Locality:zh,
	Author = {Br{\"u}nnler, Kai},
	Date-Modified = {2007-05-29 09:47:02 +0100},
	Journal = {Notre Dame Journal of Formal Logic},
	Keywords = {deep inference},
	Note = {\url{http://www.iam.unibe.ch/~kai/Papers/LocalityClassical.pdf}},
	Number = {4},
	Pages = {557--580},
	Title = {Locality for Classical Logic},
	Volume = {47},
	Year = 2006}

@inproceedings{Brun:03:Atomic-C:oz,
	Author = {Br{\"u}nnler, Kai},
	Booktitle = {CSL 2003},
	Date-Modified = {2006-07-13 13:12:55 +0100},
	Editor = {M. Baaz and J. A. Makowsky},
	Keywords = {deep inference},
	Note = {\url{http://www.iam.unibe.ch/~kai/Papers/ace.pdf}},
	Pages = {86--97},
	Publisher = {Springer-Verlag},
	Series = {Lecture Notes in Computer Science},
	Title = {Atomic Cut Elimination for Classical Logic},
	Volume = 2803,
	Year = 2003}

@article{Brun:03:Two-Rest:mn,
	Author = {Br{\"u}nnler, Kai},
	Date-Modified = {2006-07-13 13:12:59 +0100},
	Journal = {Logic Journal of the {IGPL}},
	Keywords = {deep inference},
	Note = {\url{http://www.iam.unibe.ch/~kai/Papers/RestContr.pdf}},
	Number = 5,
	Pages = {525--529},
	Title = {Two Restrictions on Contraction},
	Volume = 11,
	Year = 2003}

@techreport{BrunGugl:02:Consiste:kn,
	Author = {Br{\"u}nnler, Kai and Guglielmi, Alessio},
	Date-Modified = {2006-07-13 13:12:55 +0100},
	Institution = {Technische Universit{\"a}t Dresden},
	Keywords = {deep inference},
	Note = {\url{http://cs.bath.ac.uk/ag/p/AG4.pdf}},
	Number = {WV-02-16},
	Title = {Consistency Without Cut Elimination},
	Year = 2002}

@inproceedings{BrunTiu:01:A-Local-:mz,
	Author = {Br{\"u}nnler, Kai and Tiu, Alwen Fernanto},
	Booktitle = {LPAR 2001},
	Date-Modified = {2006-07-13 13:12:54 +0100},
	Editor = {R. Nieuwenhuis and A. Voronkov},
	Keywords = {deep inference},
	Note = {\url{http://www.iam.unibe.ch/~kai/Papers/lcl-lpar.pdf}},
	Pages = {347--361},
	Publisher = {Springer-Verlag},
	Series = {Lecture Notes in Artificial Intelligence},
	Title = {A Local System for Classical Logic},
	Volume = 2250,
	Year = 2001}

@techreport{BrunTiu:01:A-Local-:ly,
	Author = {Br{\"u}nnler, Kai and Tiu, Alwen Fernanto},
	Date-Modified = {2006-07-13 13:12:54 +0100},
	Institution = {Technische Universit{\"a}t Dresden},
	Keywords = {deep inference},
	Note = {\url{http://iccl.tu-dresden.de/~kai/LocalClassicalLogic-tr.pdf}},
	Number = {WV-01-02},
	Title = {A Local System for Classical Logic},
	Year = 2001}

@inproceedings{BrimJacqGilbKy:96:A-Proces:cr,
	Author = {Brim, L. and Jacquet, J-M. and Gilbert, D. and K\v{r}et\'{\i}nsk\'{y}, M.},
	Booktitle = {Proceedings of ALP96: Fifth International Conference on Algebraic and Logic Programming},
	Date-Modified = {2006-07-13 13:12:54 +0100},
	Editor = {Michael Hanus and Mario Rodr{\'\i}guez-Artalejo},
	Month = {Sep},
	Note = {ISBN 3-540-61735-3},
	Pages = {165--178},
	Title = {A Process Algebra for Synchronous Concurrent Constraint Programming},
	Year = 1996}

@article{FleuReto:94:The-Mix-:vy,
	Author = {Fleury, Arnaud and Retor{\'e}, Christian},
	Date-Modified = {2006-07-13 13:12:58 +0100},
	Journal = {Mathematical Structures in Computer Science},
	Number = 2,
	Pages = {273--285},
	Title = {The Mix Rule},
	Volume = 4,
	Year = 1994}

@unpublished{GuglStra:02:A-Non-co:dq,
	Author = {Guglielmi, Alessio and Stra{\ss}burger, Lutz},
	Date-Modified = {2008-01-02 09:05:30 +0000},
	Keywords = {deep inference},
	Note = {In the second round of revision for Mathematical Structures in Computer Science. \url{http://www.lix.polytechnique.fr/~lutz/papers/NELbig.pdf}},
	Title = {A System of Interaction and Structure {IV}: {T}he Exponentials},
	Year = 2007}

@inproceedings{GuglStra:02:A-Non-co:lq,
	Author = {Guglielmi, Alessio and Stra{\ss}burger, Lutz},
	Booktitle = {LPAR 2002},
	Date-Modified = {2006-07-13 13:12:54 +0100},
	Editor = {M. Baaz and A. Voronkov},
	Keywords = {deep inference},
	Month = {October},
	Note = {\url{http://www.lix.polytechnique.fr/~lutz/papers/NEL.pdf}},
	Pages = {231--246},
	Publisher = {Springer-Verlag},
	Series = {Lecture Notes in Artificial Intelligence},
	Title = {A Non-commutative Extension of {MELL}},
	Volume = 2514,
	Year = 2002}

@inproceedings{GuglStra:01:Non-comm:rp,
	Author = {Guglielmi, Alessio and Stra{\ss}burger, Lutz},
	Booktitle = {CSL 2001},
	Date-Modified = {2006-07-13 13:12:57 +0100},
	Editor = {L. Fribourg},
	Keywords = {deep inference},
	Month = {September},
	Note = {\url{http://cs.bath.ac.uk/ag/p/NoncMELLCoS.pdf}},
	Pages = {54--68},
	Publisher = {Springer-Verlag},
	Series = {Lecture Notes in Computer Science},
	Title = {Non-commutativity and {MELL} in the Calculus of Structures},
	Volume = 2142,
	Year = 2001}

@inproceedings{HankLe-MSand:92:A-Calcul:kx,
	Author = {Hankin, C. and {Le M\'etayer}, D. and Sands, D.},
	Booktitle = {Languages and Compilers for Parallel Computing, 5th International Workshop},
	Date-Modified = {2006-07-13 13:12:54 +0100},
	Publisher = {Springer-Verlag},
	Title = {A Calculus of {G}amma Programs},
	Year = 1992}

@inproceedings{StraLama:04:On-Proof:ec,
	Author = {Stra{\ss}burger, Lutz and Lamarche, Fran{\c c}ois},
	Booktitle = {CSL 2004},
	Date-Modified = {2006-07-13 13:12:57 +0100},
	Editor = {J. Marcinkowski and A. Tarlecki},
	Keywords = {deep inference},
	Note = {\url{http://www.lix.polytechnique.fr/~lutz/papers/multPN.pdf}},
	Pages = {145--159},
	Publisher = {Springer-Verlag},
	Series = {Lecture Notes in Computer Science},
	Title = {On Proof Nets for Multiplicative Linear Logic with Units},
	Volume = 3210,
	Year = 2004}

@article{LamaStra:06:From-Pro:et,
	Author = {Lamarche, Fran{\c c}ois and Stra{\ss}burger, Lutz},
	Date-Modified = {2006-10-06 11:20:46 +0100},
	Journal = {Logical Methods in Computer Science},
	Keywords = {deep inference},
	Note = {\url{http://arxiv.org/pdf/cs.LO/0605054}},
	Number = {4},
	Pages = {3:1--44},
	Title = {From Proof Nets to the Free *-Autonomous Category},
	Volume = {2},
	Year = {2006}}

@unpublished{Lama::A-Note-o:rr,
	Author = {Lamarche, Fran{\c c}ois},
	Date-Modified = {2006-07-13 13:12:54 +0100},
	Note = {In preparation. \url{http://www.loria.fr/~lamarche}},
	Title = {A Note on Algebraic Terms and Their Representation by the Means of Relations}}

@incollection{Mohr:89:Computat:ee,
	Author = {M{\"o}hring, Rolf H.},
	Booktitle = {Algorithms and Order},
	Date-Modified = {2006-07-13 13:12:55 +0100},
	Editor = {I. Rival},
	Pages = {105-194},
	Publisher = {Kluwer Academic Publishers, Dordrecht},
	Title = {Computationally Tractable Classes of Ordered Sets},
	Year = 1989}

@techreport{MartMese:91:From-Pet:lo,
	Author = {Mart{\'\i}-Oliet, Narciso and Meseguer, Jos{\'e}},
	Date-Modified = {2006-07-13 13:12:56 +0100},
	Institution = {SRI International},
	Month = {Apr},
	Number = {SRI-CSL-91-07},
	Title = {From {P}etri Nets to Linear Logic Through Categories: {A} Survey},
	Year = 1991}

@article{Mese:92:Conditio:xw,
	Author = {Meseguer, Jos{\'e}},
	Date-Modified = {2006-07-13 13:12:55 +0100},
	Journal = {Theoretical Computer Science},
	Pages = {73--155},
	Title = {Conditional Rewriting Logic as a Unified Model of Concurrency},
	Volume = 96,
	Year = 1992}

@techreport{Mont:86:Distribu:kh,
	Author = {Monteiro, Lu{\'\i}s},
	Date-Modified = {2006-07-13 13:12:55 +0100},
	Institution = {Departamento de Inform\'atica, Universidade Nova de Lisboa},
	Title = {{D}istributed Logic: {A} Theory of Distributed Programming in Logic},
	Year = 1986}

@techreport{Mont:81:Distribu:pt,
	Author = {Monteiro, Lu{\'\i}s},
	Date-Modified = {2006-07-13 13:12:55 +0100},
	Institution = {Departamento de Inform\'atica, Universidade Nova de Lisboa},
	Number = {CIUNL-5/81},
	Title = {{D}istributed Logic: {A} Logical System for Specifying Concurrency},
	Year = 1981}

@incollection{Reto:99:Pomset-L:yu,
	Address = {Roma},
	Author = {Retor{\'e}, Christian},
	Booktitle = {Dynamic Perspectives in Logic and Linguistics},
	Date-Modified = {2006-07-13 13:12:58 +0100},
	Editor = {V. M. Abrusci and C. Casadio},
	Note = {Also available as INRIA Rapport de Recherche RR-3714},
	Pages = {221--247},
	Publisher = {Bulzoni},
	Title = {Pomset Logic as a Calculus of Directed Cographs},
	Year = 1999}

@inproceedings{Reto:97:Pomset-L:fd,
	Author = {Retor{\'e}, Christian},
	Booktitle = {TLCA'97},
	Date-Modified = {2006-07-13 13:12:58 +0100},
	Editor = {Ph.~de~Groote and J.~R.~Hindley},
	Pages = {300--318},
	Series = {Lecture Notes in Computer Science},
	Title = {Pomset Logic: {A} Non-Com\-mu\-ta\-tive Extension of Classical Linear Logic},
	Volume = 1210,
	Year = 1997}

@techreport{Reto:94:A-Self-d:eu,
	Author = {Retor{\'e}, Christian},
	Date-Modified = {2006-07-13 13:12:54 +0100},
	Institution = {INRIA},
	Number = 2432,
	Title = {A Self-dual Modality for {``Before''} in the Category of Coherence Spaces and in the Category of Hypercoherences},
	Year = 1994}

@unpublished{Reto:93:Pomset-L:kc,
	Author = {Retor{\'e}, Christian},
	Date-Modified = {2006-07-13 13:12:58 +0100},
	Month = dec,
	Note = {Available by anonymous ftp from cma.cma.fr},
	Title = {Pomset Logic},
	Year = 1993}

@phdthesis{Reto:93:Reseaux-:dt,
	Author = {Retor{\'e}, Christian},
	Date-Modified = {2006-07-13 13:12:58 +0100},
	Month = feb,
	School = {Universit\'e Paris 7},
	Title = {R\'eseaux et S\'equents Ordonn\'es},
	Type = {Th\`ese de {D}octorat, sp\'ecialit\'e Math\'ematiques},
	Year = 1993}

@article{SassNielWins:96:Models-f:km,
	Author = {Sassone, V. and Nielsen, M. and Winskel, G.},
	Date-Modified = {2006-07-13 13:12:57 +0100},
	Journal = {Theoretical Computer Science},
	Number = {1/2},
	Title = {Models for Concurrency: {T}owards a Classification},
	Volume = 170,
	Year = 1996}

@inproceedings{Stra:07:A-Charac:fk,
	Author = {Stra{\ss}burger, Lutz},
	Booktitle = {RTA 2007},
	Date-Modified = {2007-10-10 11:15:47 +0100},
	Editor = {Baader, Franz},
	Keywords = {deep inference},
	Note = {\url{http://www.lix.polytechnique.fr/~lutz/papers/CharMedial.pdf}},
	Pages = {344--358},
	Publisher = {Springer-Verlag},
	Series = {Lecture Notes in Computer Science},
	Title = {A Characterisation of Medial as Rewriting Rule},
	Volume = {4533},
	Year = 2007}

@techreport{Stra:03:The-Unde:gn,
	Author = {Stra{\ss}burger, Lutz},
	Date-Modified = {2006-07-13 13:12:59 +0100},
	Institution = {Technische Universit{\"a}t Dresden},
	Keywords = {deep inference},
	Note = {\url{http://www.lix.polytechnique.fr/~lutz/papers/NELundeci.pdf}},
	Number = {WV-03-05},
	Title = {The Undecidability of System {NEL}},
	Year = 2003}

@phdthesis{Stra:03:Linear-L:lp,
	Author = {Stra{\ss}burger, Lutz},
	Date-Modified = {2006-07-13 13:12:57 +0100},
	Keywords = {deep inference},
	Note = {\url{http://www.lix.polytechnique.fr/~lutz/papers/dissvonlutz.pdf}},
	School = {Technische Universit{\"a}t Dresden},
	Title = {Linear Logic and Noncommutativity in the Calculus of Structures},
	Year = 2003}

@article{Stra:03:MELL-in-:oy,
	Author = {Stra{\ss}burger, Lutz},
	Date-Modified = {2006-07-13 13:12:57 +0100},
	Journal = {Theoretical Computer Science},
	Keywords = {deep inference},
	Note = {\url{http://www.lix.polytechnique.fr/~lutz/papers/els.pdf}},
	Pages = {213--285},
	Title = {{MELL} in the Calculus of Structures},
	Volume = 309,
	Year = 2003}

@techreport{Stra:02:A-Local-:ve,
	Author = {Stra{\ss}burger, Lutz},
	Date-Modified = {2006-07-13 13:12:54 +0100},
	Institution = {Technische Universit{\"a}t Dresden},
	Keywords = {deep inference},
	Note = {\url{http://www.lix.polytechnique.fr/~lutz/papers/lls.pdf}},
	Number = {WV-02-01},
	Title = {A Local System for Linear Logic},
	Year = 2002}

@inproceedings{Stra:02:A-Local-:ul,
	Author = {Stra{\ss}burger, Lutz},
	Booktitle = {LPAR 2002},
	Date-Modified = {2006-07-13 13:12:54 +0100},
	Editor = {M. Baaz and A. Voronkov},
	Keywords = {deep inference},
	Note = {\url{http://www.lix.polytechnique.fr/~lutz/papers/lls-lpar.pdf}},
	Pages = {388--402},
	Publisher = {Springer-Verlag},
	Series = {Lecture Notes in Artificial Intelligence},
	Title = {A Local System for Linear Logic},
	Volume = 2514,
	Year = 2002}

@inproceedings{Kahr:04:System-B:dg,
	Author = {Kahramano{\u g}ullar{\i}, Ozan},
	Booktitle = {19th International Symposium on Computer and Information Sciences, ISCIS 2004},
	Date-Modified = {2007-09-18 10:48:04 +0100},
	Editor = {C. Aykanat and T. Dayar and I. K{\"o}rpeo{\u g}lu},
	Keywords = {deep inference},
	Note = {\url{http://www.doc.ic.ac.uk/~ozank/Papers/bvn.pdf}},
	Pages = {986--995},
	Publisher = {Springer-Verlag},
	Series = {Lecture Notes in Computer Science},
	Title = {System {BV} without the Equalities for Unit},
	Volume = 3280,
	Year = 2004}

@inproceedings{Kahr:04:Implemen:ct,
	Address = {Universit\'e Henri Poincar\'e, Nancy, France},
	Author = {Kahramano{\u g}ullar{\i}, Ozan},
	Booktitle = {Proceedings of the ESSLLI 2004 Student Session},
	Date-Modified = {2007-09-18 10:48:12 +0100},
	Keywords = {deep inference},
	Note = {16th European Summer School in Logic, Language and Information. \url{http://www.doc.ic.ac.uk/~ozank/Papers/esslli04.pdf}},
	Pages = {117--127},
	Title = {Implementing System {BV} of the Calculus of Structures in {M}aude},
	Year = 2004}

@mastersthesis{Stou:04:The-Desi:vg,
	Author = {Stouppa, Phiniki},
	Date-Modified = {2008-01-28 14:42:34 +0000},
	Keywords = {deep inference},
	Note = {\url{http://www.wv.inf.tu-dresden.de/Publications/Diploma/diplom_stouppa.pdf}},
	School = {Technische Universit{\"a}t Dresden},
	Title = {The Design of Modal Proof Theories: The case of {S5}},
	Year = 2004}

@inproceedings{Kahr:05:Towards-:uz,
	Author = {Kahramano{\u g}ullar{\i}, Ozan},
	Booktitle = {The IASTED International Conference on Artificial Intelligence and Applications, AIA 2005},
	Date-Modified = {2007-09-18 10:48:19 +0100},
	Keywords = {deep inference},
	Note = {\url{http://www.doc.ic.ac.uk/~ozank/Papers/aia05.pdf}},
	Title = {Towards Planning as Concurrency},
	Year = 2005}

@unpublished{Gugl:06:Deep-Inf:ap,
	Author = {Guglielmi, Alessio},
	Date-Modified = {2006-07-13 13:21:24 +0100},
	Keywords = {deep inference},
	Note = {\url{http://cs.bath.ac.uk/ag/p/CalcStrPR.pdf}},
	Title = {Deep Inference and the Calculus of Structures---{P}roject Report},
	Year = {2006}}

@unpublished{Hugh:04:Deep-Inf:fc,
	Author = {Hughes, Dominic J.D.},
	Date-Modified = {2006-07-13 13:12:55 +0100},
	Keywords = {deep inference},
	Note = {\url{http://boole.stanford.edu/~dominic/papers/di/di.pdf}},
	Title = {Deep Inference Proof Theory Equals Categorical Proof Theory Minus Coherence},
	Year = 2004}

@inproceedings{Tiu:06:A-Local-:gf,
	Author = {Tiu, Alwen},
	Booktitle = {LPAR 2006},
	Date-Modified = {2006-12-24 12:51:50 +0000},
	Editor = {M. Hermann and A. Voronkov},
	Keywords = {deep inference},
	Note = {\url{http://users.rsise.anu.edu.au/~tiu/localint.pdf}},
	Pages = {242--256},
	Publisher = {Springer-Verlag},
	Series = {Lecture Notes in Artificial Intelligence},
	Title = {A Local System for Intuitionistic Logic},
	Volume = {4246},
	Year = {2006}}

@mastersthesis{Hein:05:Geometri:bs,
	Author = {Hein, Robert},
	Date-Modified = {2006-07-13 13:12:56 +0100},
	Keywords = {deep inference},
	Note = {\url{http://bitschnitzer.de/robert_thesis.ps.gz}},
	School = {Technische Universit{\"a}t Dresden},
	Title = {Geometric Theories and Modal Logic in the Calculus of Structures},
	Year = 2005}

@article{Brun:06:Cut-Elim:cq,
	Author = {Br{\"u}nnler, Kai},
	Date-Modified = {2006-07-13 13:12:55 +0100},
	Journal = {Studia Logica},
	Keywords = {deep inference},
	Note = {\url{http://www.iam.unibe.ch/~kai/Papers/q.pdf}},
	Number = {1},
	Pages = {51--71},
	Title = {Cut Elimination Inside a Deep Inference System for Classical Predicate Logic},
	Volume = {82},
	Year = 2006}

@incollection{Stra:05:What-Is-:wl,
	Author = {Stra{\ss}burger, Lutz},
	Booktitle = {Logica Universalis---Towards a General Theory of Logic},
	Date-Modified = {2008-01-15 06:56:32 +0000},
	Editor = {Jean-Yves Beziau},
	Keywords = {deep inference},
	Note = {\url{http://www.lix.polytechnique.fr/~lutz/papers/WhatLogicProof.pdf}},
	Pages = {135--152},
	Publisher = {Birkh{\"a}user},
	Title = {What Is a Logic, and What Is a Proof?},
	Year = 2007}

@inproceedings{Kahr:06:System-B:ht,
	Author = {Kahramano{\u g}ullar{\i}, Ozan},
	Booktitle = {12th Workshop on Logic, Language, Information and Computation (WoLLIC 2005)},
	Date-Modified = {2007-09-18 10:48:27 +0100},
	Editor = {de Queiroz, Ruy and Macintyre, Angus and Bittencourt, Guilherme},
	Keywords = {deep inference},
	Note = {\url{http://www.doc.ic.ac.uk/~ozank/Papers/BVnpc.pdf}},
	Pages = {87--99},
	Publisher = {Elsevier},
	Series = {Electronic Notes in Theoretical Computer Science},
	Title = {System {BV} Is {NP}-Complete},
	Volume = {143},
	Year = {2006}}

@unpublished{Kahr::Labelled:ri,
	Author = {Kahramano{\u g}ullar{\i}, Ozan},
	Date-Modified = {2007-09-18 11:20:15 +0100},
	Keywords = {deep inference},
	Note = {Presented at the 1st World Congress on Universal Logic. \url{http://www.doc.ic.ac.uk/~ozank/Papers/unilog.pdf}},
	Title = {Labeled Event Structure Semantics of Linear Logic Planning}}

@inproceedings{Kahr:06:Reducing:hc,
	Author = {Kahramano{\u g}ullar{\i}, Ozan},
	Booktitle = {LPAR 2006},
	Date-Modified = {2007-09-18 10:48:39 +0100},
	Editor = {M. Hermann and A. Voronkov},
	Keywords = {deep inference},
	Note = {\url{http://www.doc.ic.ac.uk/~ozank/Papers/reducingNondet.pdf}},
	Pages = {272--286},
	Publisher = {Springer-Verlag},
	Series = {Lecture Notes in Artificial Intelligence},
	Title = {Reducing Nondeterminism in the Calculus of Structures},
	Volume = {4246},
	Year = 2006}

@book{ClotKran:02:Boolean-:xr,
	Author = {Clote, Peter and Kranakis, Evangelos},
	Date-Modified = {2007-10-10 11:20:10 +0100},
	Publisher = {Springer-Verlag},
	Title = {Boolean Functions and Computation Models},
	Year = 2002}

@article{CookReck:79:The-Rela:mf,
	Author = {Cook, Stephen A. and Reckhow, Robert A.},
	Date-Modified = {2006-07-13 13:12:59 +0100},
	Journal = {Journal of Symbolic Logic},
	Number = 1,
	Pages = {36--50},
	Title = {The Relative Efficiency of Propositional Proof Systems},
	Volume = 44,
	Year = 1979}

@inproceedings{HeinStew:05:Purity-T:tg,
	Author = {Hein, Robert and Stewart, Charles},
	Booktitle = {Structures and Deduction},
	Date-Modified = {2006-07-13 13:12:58 +0100},
	Editor = {Paola Bruscoli and Fran{\c c}ois Lamarche and Charles Stewart},
	Keywords = {deep inference},
	Note = {ICALP Workshop. ISSN 1430-211X. \url{http://cs.bath.ac.uk/pb/SD05/SD05-Proc.pdf}},
	Pages = {126--143},
	Publisher = {Technische Universit{\"a}t Dresden},
	Title = {Purity Through Unravelling},
	Year = 2005}

@inproceedings{Stra:05:From-Dee:yb,
	Author = {Stra{\ss}burger, Lutz},
	Booktitle = {Structures and Deduction},
	Date-Modified = {2006-07-13 13:12:56 +0100},
	Editor = {Paola Bruscoli and Fran{\c c}ois Lamarche and Charles Stewart},
	Keywords = {deep inference},
	Note = {ICALP Workshop. ISSN 1430-211X. \url{http://www.lix.polytechnique.fr/~lutz/papers/deepnet.ps}},
	Pages = {2--18},
	Publisher = {Technische Universit{\"a}t Dresden},
	Title = {From Deep Inference to Proof Nets},
	Year = 2005}

@inproceedings{Mrm-:05:Classica:ye,
	Author = {M{${}^{\rm c}$}Kinley, Richard},
	Booktitle = {Structures and Deduction},
	Date-Modified = {2006-07-13 13:12:55 +0100},
	Editor = {Paola Bruscoli and Fran{\c c}ois Lamarche and Charles Stewart},
	Keywords = {deep inference},
	Note = {ICALP Workshop. ISSN 1430-211X. \url{http://www.cs.bath.ac.uk/~csprim/csl05.pdf}},
	Pages = {19--33},
	Publisher = {Technische Universit{\"a}t Dresden},
	Title = {Classical Categories and Deep Inference},
	Year = 2005}

@inproceedings{Guir:05:The-Thre:ja,
	Author = {Guiraud, Yves},
	Booktitle = {Structures and Deduction},
	Date-Modified = {2006-07-13 13:12:59 +0100},
	Editor = {Paola Bruscoli and Fran{\c c}ois Lamarche and Charles Stewart},
	Keywords = {deep inference},
	Note = {ICALP Workshop. ISSN 1430-211X. \url{http://cs.bath.ac.uk/pb/SD05/SD05-Proc.pdf}},
	Pages = {35--52},
	Publisher = {Technische Universit{\"a}t Dresden},
	Title = {The Three Dimensions of Proofs},
	Year = 2005}

@inproceedings{BrunLeng:05:On-Two-F:jf,
	Author = {Br{\"u}nnler, Kai and Lengrand, St{\'e}phane},
	Booktitle = {Structures and Deduction},
	Date-Modified = {2006-12-24 12:12:26 +0000},
	Editor = {Paola Bruscoli and Fran{\c c}ois Lamarche and Charles Stewart},
	Keywords = {deep inference},
	Note = {ICALP Workshop. ISSN 1430-211X. \url{http://www.iam.unibe.ch/~kai/Papers/sd05.pdf}},
	Pages = {69--80},
	Publisher = {Technische Universit{\"a}t Dresden},
	Title = {On Two Forms of Bureaucracy in Derivations},
	Year = 2005}

@inproceedings{KahrMoreReil:05:Implemen:wb,
	Author = {Kahramano{\u g}ullar{\i}, Ozan and Moreau, Pierre-Etienne and Reilles, Antoine},
	Booktitle = {Structures and Deduction},
	Date-Modified = {2007-09-18 10:54:00 +0100},
	Editor = {Paola Bruscoli and Fran{\c c}ois Lamarche and Charles Stewart},
	Keywords = {deep inference},
	Note = {ICALP Workshop. ISSN 1430-211X. \url{http://www.doc.ic.ac.uk/~ozank/Papers/sd05.pdf}},
	Pages = {158--172},
	Publisher = {Technische Universit{\"a}t Dresden},
	Title = {Implementing Deep Inference in {TOM}},
	Year = 2005}

@inproceedings{LamaStra:05:Naming-P:ov,
	Author = {Lamarche, Fran{\c c}ois and Stra{\ss}burger, Lutz},
	Booktitle = {Typed Lambda Calculi and Applications},
	Date-Modified = {2006-07-17 13:37:08 +0100},
	Editor = {Pawe{\l} Urzyczyn},
	Keywords = {deep inference},
	Note = {\url{http://www.lix.polytechnique.fr/~lutz/papers/namingproofsCL.pdf}},
	Pages = {246--261},
	Publisher = {Springer-Verlag},
	Series = {Lecture Notes in Computer Science},
	Title = {Naming Proofs in Classical Propositional Logic},
	Volume = 3461,
	Year = 2005}

@inproceedings{LamaStra:05:Construc:qq,
	Author = {Lamarche, Fran{\c c}ois and Stra{\ss}burger, Lutz},
	Booktitle = {20th Annual IEEE Symposium on Logic in Computer Science},
	Date-Modified = {2007-10-10 10:46:59 +0100},
	Editor = {Prakash Panangaden},
	Keywords = {deep inference},
	Note = {\url{http://www.lix.polytechnique.fr/~lutz/papers/FreeBool-long.pdf}},
	Pages = {209--218},
	Publisher = {IEEE},
	Title = {Constructing Free Boolean Categories},
	Year = 2005}

@inproceedings{StewStou:05:A-System:tg,
	Author = {Stewart, Charles and Stouppa, Phiniki},
	Booktitle = {Advances in Modal Logic},
	Date-Modified = {2006-09-07 11:10:13 +0100},
	Editor = {Renate Schmidt and Ian Pratt-Hartmann and Mark Reynolds and Heinrich Wansing},
	Keywords = {deep inference},
	Note = {\url{http://www.aiml.net/volumes/volume5/Stewart.ps}},
	Pages = {309--333},
	Publisher = {King's College Publications},
	Title = {A Systematic Proof Theory for Several Modal Logics},
	Volume = 5,
	Year = 2005}

@article{Tiu:06:A-System:ai,
	Author = {Tiu, Alwen},
	Date-Modified = {2007-09-22 14:57:09 +0100},
	Journal = {Logical Methods in Computer Science},
	Keywords = {deep inference},
	Note = {\url{http://arxiv.org/pdf/cs.LO/0512036}},
	Number = {2},
	Pages = {4:1--24},
	Title = {A System of Interaction and Structure {II}: {T}he Need for Deep Inference},
	Volume = {2},
	Year = {2006}}

@article{Stou:06:A-Deep-I:rt,
	Author = {Stouppa, Phiniki},
	Date-Modified = {2008-02-11 14:46:27 +0000},
	Journal = {Studia Logica},
	Keywords = {deep inference},
	Note = {\url{http://www.iam.unibe.ch/til/publications/pubitems/pdfs/sto07.pdf}},
	Number = {2},
	Pages = {199--214},
	Title = {A Deep Inference System for the Modal Logic {S5}},
	Volume = {85},
	Year = {2007}}

@article{Guir:06:The-Thre:qt,
	Author = {Guiraud, Yves},
	Date-Modified = {2006-09-13 07:28:32 +0100},
	Journal = {Annals of Pure and Applied Logic},
	Keywords = {deep inference},
	Note = {\url{http://www.loria.fr/~guiraudy/recherche/cos1.pdf}},
	Number = {1-2},
	Pages = {266--295},
	Title = {The Three Dimensions of Proofs},
	Volume = {141},
	Year = {2006}}

@article{Join:07:Complete:uq,
	Author = {Joinet, Jean-Baptiste},
	Date-Modified = {2007-12-02 19:43:45 +0000},
	Journal = {The Journal of Symbolic Logic},
	Keywords = {deep inference},
	Note = {\url{http://www-philo.univ-paris1.fr/Joinet/joinetJSLmain.pdf}},
	Number = {1},
	Pages = {159--170},
	Title = {Completeness of {MLL} Proof-nets w.r.t.\ Weak Distributivity},
	Volume = {72},
	Year = 2007}

@article{Stra:06:On-the-A:jy,
	Author = {Stra{\ss}burger, Lutz},
	Date-Modified = {2007-12-02 23:20:26 +0000},
	Journal = {Theory and Applications of Categories},
	Keywords = {deep inference},
	Note = {\url{http://www.lix.polytechnique.fr/~lutz/papers/medial.pdf}},
	Number = {18},
	Pages = {536--601},
	Title = {On the Axiomatisation of Boolean Categories with and without Medial},
	Volume = {18},
	Year = 2007}
