%% This BibTeX bibliography file was created using BibDesk.
%% http://bibdesk.sourceforge.net/


%% Created for Alessio Guglielmi at 2009-01-24 06:38:32 +0100 


%% Saved with string encoding Unicode (UTF-8) 



@inproceedings{BrunMcKi:08:An-Algor:wq,
	Author = {Br{\"u}nnler, Kai and McKinley, Richard},
	Booktitle = {LPAR 2008},
	Date-Added = {2008-07-01 12:05:07 +0100},
	Date-Modified = {2008-11-25 07:36:02 +0100},
	Editor = {Cervesato, I. and Veith, H. and Voronkov, A.},
	Keywords = {deep inference},
	Note = {\url{http://www.iam.unibe.ch/~kai/Papers/2008aidis.pdf}},
	Pages = {482---496},
	Publisher = {Springer-Verlag},
	Series = {Lecture Notes in Computer Science},
	Title = {An Algorithmic Interpretation of a Deep Inference System},
	Volume = {5330},
	Year = {2008}}

@inproceedings{BrunStud::Syntacti:vn,
	Author = {Br{\"u}nnler, Kai and Studer, Thomas},
	Booktitle = {Methods for Modalities 5},
	Date-Added = {2007-12-02 20:59:00 +0000},
	Date-Modified = {2007-12-04 14:19:42 +0000},
	Keywords = {deep inference},
	Note = {In press. \url{http://www.iam.unibe.ch/~kai/Current/infck.pdf}},
	Title = {Syntactic Cut-Elimination for Common Knowledge},
	Year = {2007}}

@unpublished{Brun:07:Deep-Seq:fk,
	Author = {Br{\"u}nnler, Kai},
	Date-Added = {2007-08-26 10:54:46 +0100},
	Date-Modified = {2007-08-26 11:09:25 +0100},
	Keywords = {deep inference},
	Note = {\url{http://www.iam.unibe.ch/~kai/Current/dsm-long.pdf}},
	Title = {Deep Sequent Systems for Modal Logic},
	Year = {2007}}

@inproceedings{Brun:06:Deep-Inf:qy,
	Author = {Br{\"u}nnler, Kai},
	Booktitle = {Computability in Europe 2006},
	Date-Added = {2006-07-16 14:57:44 +0100},
	Date-Modified = {2006-07-16 15:32:28 +0100},
	Editor = {Beckmann, Arnold and Berger, Ulrich and L{\"o}we, Benedikt and Tucker, John V.},
	Keywords = {deep inference},
	Month = {July},
	Note = {\url{http://www.iam.unibe.ch/~kai/Papers/n.pdf}},
	Pages = {65--74},
	Publisher = {Springer-Verlag},
	Series = {Lecture Notes in Computer Science},
	Title = {Deep Inference and Its Normal Form of Derivations},
	Volume = {3988},
	Year = {2006}}

@inproceedings{Brun::Deep-Seq:ay,
	Author = {Br{\"u}nnler, Kai},
	Booktitle = {Advances in Modal Logic},
	Date-Added = {2006-03-30 17:44:13 +0100},
	Date-Modified = {2006-09-07 11:10:13 +0100},
	Editor = {Guido Governatori and Ian Hodkinson and Yde Venema},
	Keywords = {deep inference},
	Note = {\url{http://www.aiml.net/volumes/volume6/Bruennler.ps}},
	Pages = {107--119},
	Publisher = {College Publications},
	Title = {Deep Sequent Systems for Modal Logic},
	Volume = {6},
	Year = {2006}}

@incollection{BrunGugl:04:A-First-:ys,
	Author = {Br{\"u}nnler, Kai and Guglielmi, Alessio},
	Booktitle = {First-Order Logic Revisited},
	City = {Berlin},
	Date-Modified = {2007-03-17 11:01:13 +0000},
	Editor = {Hendricks, Vincent and Neuhaus, Fabian and Pedersen, Stig Andur and Scheffler, Uwe and Wansing, Heinrich},
	Keywords = {deep inference},
	Note = {\url{http://www.iam.unibe.ch/~kai/Papers/FinitaryFOL.pdf}},
	Pages = {59--74},
	Publisher = {Logos Verlag},
	Series = {Logische Philosophie},
	Title = {A First Order System with Finite Choice of Premises},
	Year = 2004}

@book{Brun:04:Deep-Inf:rq,
	Address = {Berlin},
	Author = {Br{\"u}nnler, Kai},
	Date-Modified = {2006-07-13 13:12:55 +0100},
	Keywords = {deep inference},
	Note = {\url{http://www.iam.unibe.ch/~kai/Papers/phd.pdf}},
	Publisher = {Logos Verlag},
	Title = {Deep Inference and Symmetry in Classical Proofs},
	Year = 2004}

@article{Brun:06:Locality:zh,
	Author = {Br{\"u}nnler, Kai},
	Date-Modified = {2007-05-29 09:47:02 +0100},
	Journal = {Notre Dame Journal of Formal Logic},
	Keywords = {deep inference},
	Note = {\url{http://www.iam.unibe.ch/~kai/Papers/LocalityClassical.pdf}},
	Number = {4},
	Pages = {557--580},
	Title = {Locality for Classical Logic},
	Volume = {47},
	Year = 2006}

@inproceedings{Brun:03:Atomic-C:oz,
	Author = {Br{\"u}nnler, Kai},
	Booktitle = {CSL 2003},
	Date-Modified = {2006-07-13 13:12:55 +0100},
	Editor = {M. Baaz and J. A. Makowsky},
	Keywords = {deep inference},
	Note = {\url{http://www.iam.unibe.ch/~kai/Papers/ace.pdf}},
	Pages = {86--97},
	Publisher = {Springer-Verlag},
	Series = {Lecture Notes in Computer Science},
	Title = {Atomic Cut Elimination for Classical Logic},
	Volume = 2803,
	Year = 2003}

@article{Brun:03:Two-Rest:mn,
	Author = {Br{\"u}nnler, Kai},
	Date-Modified = {2006-07-13 13:12:59 +0100},
	Journal = {Logic Journal of the {IGPL}},
	Keywords = {deep inference},
	Note = {\url{http://www.iam.unibe.ch/~kai/Papers/RestContr.pdf}},
	Number = 5,
	Pages = {525--529},
	Title = {Two Restrictions on Contraction},
	Volume = 11,
	Year = 2003}

@techreport{BrunGugl:02:Consiste:kn,
	Author = {Br{\"u}nnler, Kai and Guglielmi, Alessio},
	Date-Modified = {2006-07-13 13:12:55 +0100},
	Institution = {Technische Universit{\"a}t Dresden},
	Keywords = {deep inference},
	Note = {\url{http://cs.bath.ac.uk/ag/p/AG4.pdf}},
	Number = {WV-02-16},
	Title = {Consistency Without Cut Elimination},
	Year = 2002}

@inproceedings{BrunTiu:01:A-Local-:mz,
	Author = {Br{\"u}nnler, Kai and Tiu, Alwen Fernanto},
	Booktitle = {LPAR 2001},
	Date-Modified = {2006-07-13 13:12:54 +0100},
	Editor = {R. Nieuwenhuis and A. Voronkov},
	Keywords = {deep inference},
	Note = {\url{http://www.iam.unibe.ch/~kai/Papers/lcl-lpar.pdf}},
	Pages = {347--361},
	Publisher = {Springer-Verlag},
	Series = {Lecture Notes in Artificial Intelligence},
	Title = {A Local System for Classical Logic},
	Volume = 2250,
	Year = 2001}

@techreport{BrunTiu:01:A-Local-:ly,
	Author = {Br{\"u}nnler, Kai and Tiu, Alwen Fernanto},
	Date-Modified = {2006-07-13 13:12:54 +0100},
	Institution = {Technische Universit{\"a}t Dresden},
	Keywords = {deep inference},
	Note = {\url{http://iccl.tu-dresden.de/~kai/LocalClassicalLogic-tr.pdf}},
	Number = {WV-01-02},
	Title = {A Local System for Classical Logic},
	Year = 2001}

@article{Brun:06:Cut-Elim:cq,
	Author = {Br{\"u}nnler, Kai},
	Date-Modified = {2006-07-13 13:12:55 +0100},
	Journal = {Studia Logica},
	Keywords = {deep inference},
	Note = {\url{http://www.iam.unibe.ch/~kai/Papers/q.pdf}},
	Number = {1},
	Pages = {51--71},
	Title = {Cut Elimination Inside a Deep Inference System for Classical Predicate Logic},
	Volume = {82},
	Year = 2006}

@inproceedings{BrunLeng:05:On-Two-F:jf,
	Author = {Br{\"u}nnler, Kai and Lengrand, St{\'e}phane},
	Booktitle = {Structures and Deduction},
	Date-Modified = {2006-12-24 12:12:26 +0000},
	Editor = {Paola Bruscoli and Fran{\c c}ois Lamarche and Charles Stewart},
	Keywords = {deep inference},
	Note = {ICALP Workshop. ISSN 1430-211X. \url{http://www.iam.unibe.ch/~kai/Papers/sd05.pdf}},
	Pages = {69--80},
	Publisher = {Technische Universit{\"a}t Dresden},
	Title = {On Two Forms of Bureaucracy in Derivations},
	Year = 2005}

@unpublished{BrusGugl:07:On-Analy:uq,
	Author = {Bruscoli, Paola and Guglielmi, Alessio},
	Date-Added = {2007-09-22 14:54:48 +0100},
	Date-Modified = {2007-09-22 14:56:01 +0100},
	Keywords = {deep inference},
	Note = {\url{http://cs.bath.ac.uk/ag/p/Onan.pdf}},
	Title = {On Analytic Inference Rules in the Calculus of Structures},
	Year = {2007}}

@article{BrusGugl:07:On-the-P:fk,
	Author = {Bruscoli, Paola and Guglielmi, Alessio},
	Date-Added = {2007-08-25 21:18:04 +0100},
	Date-Modified = {2008-02-11 07:54:55 +0000},
	Journal = {ACM Transactions on Computational Logic},
	Keywords = {deep inference},
	Note = {In press. \url{http://cs.bath.ac.uk/ag/p/PrComplDI.pdf}},
	Title = {On the Proof Complexity of Deep Inference},
	Year = {2008}}

@inproceedings{Brus:02:A-purely:nx,
	Author = {Bruscoli, Paola},
	Booktitle = {17. WLP: Workshop Logische Programmierung, {TU} {D}resden, {D}ecember 11--13, 2002},
	Date-Modified = {2006-07-16 11:32:02 +0100},
	Editor = {Bertram Fronh{\"o}fer and Steffen H{\"o}lldobler},
	Keywords = {deep inference},
	Month = {April},
	Note = {ISSN 1430--211X},
	Number = {TUD--FI03--03},
	Organization = {TU Dresden, 01062 Dresden},
	Series = {Technische Berichte der Fakult{\"a}t Informatik},
	Title = {A Purely Logical Account of Sequentiality in Proof Search -- Extended Abstract},
	Year = 2002}

@inproceedings{Brus:02:A-Purely:wd,
	Author = {Bruscoli, Paola},
	Booktitle = {Logic Programming, 18th International Conference},
	Date-Modified = {2006-07-13 13:12:54 +0100},
	Editor = {Peter J. Stuckey},
	Keywords = {deep inference},
	Note = {\url{http://cs.bath.ac.uk/pb/bvl/bvl.pdf}},
	Pages = {302--316},
	Publisher = {Springer-Verlag},
	Series = {Lecture Notes in Computer Science},
	Title = {A Purely Logical Account of Sequentiality in Proof Search},
	Volume = 2401,
	Year = 2002}

@inproceedings{Di-G:04:Structur:wy,
	Author = {Di Gianantonio, Pietro},
	Booktitle = {CSL 2004},
	Date-Modified = {2006-07-13 13:12:58 +0100},
	Editor = {J. Marcinkowski and A. Tarlecki},
	Keywords = {deep inference},
	Note = {\url{http://www.dimi.uniud.it/~pietro/papers/Soft-copy-ps/scll.ps.gz}},
	Pages = {130--144},
	Publisher = {Springer-Verlag},
	Series = {Lecture Notes in Computer Science},
	Title = {Structures for Multiplicative Cyclic Linear Logic: {D}eepness Vs Cyclicity},
	Volume = 3210,
	Year = 2004}

@article{GoreTiu:06:Classica:uq,
	Author = {Rajeev Gor{\'e} and Alwen Tiu},
	Date-Added = {2006-09-13 07:31:25 +0100},
	Date-Modified = {2007-08-31 22:24:12 +0100},
	Journal = {Journal of Logic and Computation},
	Keywords = {deep inference},
	Note = {\url{http://users.rsise.anu.edu.au/~tiu/papers/cmdl.pdf}},
	Number = {4},
	Pages = {767--794},
	Title = {Classical Modal Display Logic in the Calculus of Structures and Minimal Cut-free Deep Inference Calculi for {S5}},
	Volume = {17},
	Year = {2007}}

@unpublished{GuglGund:08:Normalis:yu,
	Author = {Guglielmi, Alessio and Gundersen, Tom},
	Date-Added = {2008-02-22 16:16:51 +0000},
	Date-Modified = {2008-02-22 16:17:46 +0000},
	Keywords = {deep inference},
	Note = {\url{http://cs.bath.ac.uk/ag/p/NormContrDIAtFl2.pdf}},
	Title = {Normalisation Control in Deep Inference via Atomic Flows {II}},
	Year = {2008}}

@unpublished{Gugl:07:On-the-P:fk,
	Author = {Guglielmi, Alessio},
	Date-Added = {2007-08-12 09:31:38 +0200},
	Date-Modified = {2007-08-12 09:41:16 +0200},
	Keywords = {deep inference},
	Note = {Prolog program. \url{http://cs.bath.ac.uk/ag/p/PrComplDI.plg}},
	Title = {On the Proof Complexity of Deep Inference---{C}onjecture},
	Year = {2007}}

@misc{Gugl::Deep-Inf:uq,
	Author = {Guglielmi, Alessio},
	Date-Added = {2007-03-03 16:59:08 +0000},
	Date-Modified = {2007-10-06 10:10:18 +0100},
	Howpublished = {Web site at \url{http://alessio.guglielmi.name/res/cos}},
	Keywords = {deep inference},
	Title = {Deep Inference and the Calculus of Structures}}

@article{GuglGund:07:Normalis:lr,
	Author = {Guglielmi, Alessio and Gundersen, Tom},
	Date-Added = {2007-03-03 11:45:55 +0000},
	Date-Modified = {2008-03-31 12:02:11 +0100},
	Journal = {Logical Methods in Computer Science},
	Keywords = {deep inference},
	Note = {\url{http://arxiv.org/pdf/0709.1205}},
	Number = {1:9},
	Pages = {1--36},
	Title = {Normalisation Control in Deep Inference via Atomic Flows},
	Volume = {4},
	Year = {2008}}

@unpublished{Gugl:05:Some-New:eh,
	Author = {Guglielmi, Alessio},
	Date-Added = {2006-01-16 10:48:24 +0000},
	Date-Modified = {2006-07-13 13:17:56 +0100},
	Keywords = {deep inference},
	Note = {\url{http://cs.bath.ac.uk/ag/p/AG16.pdf}},
	Title = {Some News on Subatomic Logic},
	Year = {2005}}

@unpublished{Gugl:04:Formalis:ea,
	Author = {Guglielmi, Alessio},
	Date-Added = {2006-01-16 10:48:21 +0000},
	Date-Modified = {2006-07-13 13:20:59 +0100},
	Keywords = {deep inference},
	Note = {\url{http://cs.bath.ac.uk/ag/p/AG13.pdf}},
	Title = {Formalism {B}},
	Year = {2004}}

@inproceedings{Gugl:05:The-Prob:nu,
	Author = {Guglielmi, Alessio},
	Booktitle = {Structures and Deduction},
	Date-Added = {2006-01-16 10:47:46 +0000},
	Date-Modified = {2006-07-13 13:12:58 +0100},
	Editor = {Paola Bruscoli and Fran{\c c}ois Lamarche and Charles Stewart},
	Keywords = {deep inference},
	Note = {ICALP Workshop. ISSN 1430-211X. \url{http://cs.bath.ac.uk/ag/p/AG14.pdf}},
	Pages = {53--68},
	Publisher = {Technische Universit{\"a}t Dresden},
	Title = {The Problem of Bureaucracy and Identity of Proofs from the Perspective of Deep Inference},
	Year = 2005}

@unpublished{Gugl:02:Goodness:ti,
	Author = {Guglielmi, Alessio},
	Date-Modified = {2006-07-13 13:20:23 +0100},
	Keywords = {deep inference},
	Note = {\url{http://cs.bath.ac.uk/ag/p/AG1.pdf}},
	Title = {Goodness, Perfection and Miracles},
	Year = {2002}}

@unpublished{Gugl:02:Recipe:xv,
	Author = {Guglielmi, Alessio},
	Date-Modified = {2006-07-13 13:18:56 +0100},
	Keywords = {deep inference},
	Note = {\url{http://cs.bath.ac.uk/ag/p/AG2.pdf}},
	Title = {Recipe},
	Year = {2002}}

@unpublished{Gugl:02:On-Lafon:iq,
	Author = {Guglielmi, Alessio},
	Date-Modified = {2006-07-13 13:19:26 +0100},
	Keywords = {deep inference},
	Note = {\url{http://cs.bath.ac.uk/ag/p/AG5.pdf}},
	Title = {On {L}afont's Counterexample},
	Year = {2002}}

@unpublished{Gugl:03:Normalis:tf,
	Author = {Guglielmi, Alessio},
	Date-Modified = {2006-07-13 13:19:39 +0100},
	Keywords = {deep inference},
	Note = {\url{http://cs.bath.ac.uk/ag/p/AG6.pdf}},
	Title = {Normalisation Without Cut Elimination},
	Year = {2003}}

@unpublished{Gugl:05:Butterfl:mb,
	Author = {Guglielmi, Alessio},
	Date-Modified = {2006-07-13 13:21:34 +0100},
	Keywords = {deep inference},
	Note = {\url{http://cs.bath.ac.uk/ag/p/AG7.pdf}},
	Title = {Butterflies},
	Year = {2005}}

@unpublished{Gugl:02:Subatomi:oh,
	Author = {Guglielmi, Alessio},
	Date-Modified = {2006-07-13 13:16:56 +0100},
	Keywords = {deep inference},
	Note = {\url{http://cs.bath.ac.uk/ag/p/AG8.pdf}},
	Title = {Subatomic Logic},
	Year = {2002}}

@unpublished{Gugl:03:Mismatch:pt,
	Author = {Guglielmi, Alessio},
	Date-Modified = {2006-07-13 13:20:05 +0100},
	Keywords = {deep inference},
	Note = {\url{http://cs.bath.ac.uk/ag/p/AG9.pdf}},
	Title = {Mismatch},
	Year = {2003}}

@unpublished{Gugl:03:Resoluti:ce,
	Author = {Guglielmi, Alessio},
	Date-Modified = {2006-07-13 13:18:41 +0100},
	Keywords = {deep inference},
	Note = {\url{http://cs.bath.ac.uk/ag/p/AG10.pdf}},
	Title = {Resolution in the Calculus of Structures},
	Year = {2003}}

@unpublished{Gugl:04:Formalis:am,
	Author = {Guglielmi, Alessio},
	Date-Modified = {2006-07-13 13:21:10 +0100},
	Keywords = {deep inference},
	Note = {\url{http://cs.bath.ac.uk/ag/p/AG11.pdf}},
	Title = {Formalism {A}},
	Year = {2004}}

@unpublished{Gugl:04:Polynomi:zi,
	Author = {Guglielmi, Alessio},
	Date-Modified = {2006-07-13 13:19:10 +0100},
	Keywords = {deep inference},
	Note = {\url{http://cs.bath.ac.uk/ag/p/AG12.pdf}},
	Title = {Polynomial Size Deep-Inference Proofs Instead of Exponential Size Shallow-Inference Proofs},
	Year = {2004}}

@article{Gugl:06:A-System:kl,
	Author = {Guglielmi, Alessio},
	Date-Modified = {2007-01-19 18:24:36 +0000},
	Journal = {ACM Transactions on Computational Logic},
	Keywords = {deep inference},
	Note = {\url{http://cs.bath.ac.uk/ag/p/SystIntStr.pdf}},
	Number = {1},
	Pages = {1--64},
	Title = {A System of Interaction and Structure},
	Volume = {8},
	Year = 2007}

@unpublished{GuglStra:02:A-Non-co:dq,
	Author = {Guglielmi, Alessio and Stra{\ss}burger, Lutz},
	Date-Modified = {2008-01-02 09:05:30 +0000},
	Keywords = {deep inference},
	Note = {In the second round of revision for Mathematical Structures in Computer Science. \url{http://www.lix.polytechnique.fr/~lutz/papers/NELbig.pdf}},
	Title = {A System of Interaction and Structure {IV}: {T}he Exponentials},
	Year = 2007}

@inproceedings{GuglStra:02:A-Non-co:lq,
	Author = {Guglielmi, Alessio and Stra{\ss}burger, Lutz},
	Booktitle = {LPAR 2002},
	Date-Modified = {2006-07-13 13:12:54 +0100},
	Editor = {M. Baaz and A. Voronkov},
	Keywords = {deep inference},
	Month = {October},
	Note = {\url{http://www.lix.polytechnique.fr/~lutz/papers/NEL.pdf}},
	Pages = {231--246},
	Publisher = {Springer-Verlag},
	Series = {Lecture Notes in Artificial Intelligence},
	Title = {A Non-commutative Extension of {MELL}},
	Volume = 2514,
	Year = 2002}

@inproceedings{GuglStra:01:Non-comm:rp,
	Author = {Guglielmi, Alessio and Stra{\ss}burger, Lutz},
	Booktitle = {CSL 2001},
	Date-Modified = {2006-07-13 13:12:57 +0100},
	Editor = {L. Fribourg},
	Keywords = {deep inference},
	Month = {September},
	Note = {\url{http://cs.bath.ac.uk/ag/p/NoncMELLCoS.pdf}},
	Pages = {54--68},
	Publisher = {Springer-Verlag},
	Series = {Lecture Notes in Computer Science},
	Title = {Non-commutativity and {MELL} in the Calculus of Structures},
	Volume = 2142,
	Year = 2001}

@unpublished{Gugl:06:Deep-Inf:ap,
	Author = {Guglielmi, Alessio},
	Date-Modified = {2006-07-13 13:21:24 +0100},
	Keywords = {deep inference},
	Note = {\url{http://cs.bath.ac.uk/ag/p/CalcStrPR.pdf}},
	Title = {Deep Inference and the Calculus of Structures---{P}roject Report},
	Year = {2006}}

@inproceedings{Guir:05:The-Thre:ja,
	Author = {Guiraud, Yves},
	Booktitle = {Structures and Deduction},
	Date-Modified = {2006-07-13 13:12:59 +0100},
	Editor = {Paola Bruscoli and Fran{\c c}ois Lamarche and Charles Stewart},
	Keywords = {deep inference},
	Note = {ICALP Workshop. ISSN 1430-211X. \url{http://cs.bath.ac.uk/pb/SD05/SD05-Proc.pdf}},
	Pages = {35--52},
	Publisher = {Technische Universit{\"a}t Dresden},
	Title = {The Three Dimensions of Proofs},
	Year = 2005}

@article{Guir:06:The-Thre:qt,
	Author = {Guiraud, Yves},
	Date-Modified = {2006-09-13 07:28:32 +0100},
	Journal = {Annals of Pure and Applied Logic},
	Keywords = {deep inference},
	Note = {\url{http://www.loria.fr/~guiraudy/recherche/cos1.pdf}},
	Number = {1-2},
	Pages = {266--295},
	Title = {The Three Dimensions of Proofs},
	Volume = {141},
	Year = {2006}}

@mastersthesis{Hein:05:Geometri:bs,
	Author = {Hein, Robert},
	Date-Modified = {2006-07-13 13:12:56 +0100},
	Keywords = {deep inference},
	Note = {\url{http://bitschnitzer.de/robert_thesis.ps.gz}},
	School = {Technische Universit{\"a}t Dresden},
	Title = {Geometric Theories and Modal Logic in the Calculus of Structures},
	Year = 2005}

@inproceedings{HeinStew:05:Purity-T:tg,
	Author = {Hein, Robert and Stewart, Charles},
	Booktitle = {Structures and Deduction},
	Date-Modified = {2006-07-13 13:12:58 +0100},
	Editor = {Paola Bruscoli and Fran{\c c}ois Lamarche and Charles Stewart},
	Keywords = {deep inference},
	Note = {ICALP Workshop. ISSN 1430-211X. \url{http://cs.bath.ac.uk/pb/SD05/SD05-Proc.pdf}},
	Pages = {126--143},
	Publisher = {Technische Universit{\"a}t Dresden},
	Title = {Purity Through Unravelling},
	Year = 2005}

@mastersthesis{Hors:06:The-Logi:fk,
	Author = {Horsfall, Benjamin Robert},
	Date-Added = {2007-09-08 07:07:08 +0100},
	Date-Modified = {2007-09-08 07:09:21 +0100},
	Keywords = {deep inference},
	Note = {\url{http://www.cs.mu.oz.au/~horsfall/horsfall-mcs.pdf}},
	School = {University of Melbourne},
	Title = {The Logic of Bunched Implications: {A} Memoir},
	Year = {2006}}

@unpublished{Hugh:04:Deep-Inf:fc,
	Author = {Hughes, Dominic J.D.},
	Date-Modified = {2006-07-13 13:12:55 +0100},
	Keywords = {deep inference},
	Note = {\url{http://boole.stanford.edu/~dominic/papers/di/di.pdf}},
	Title = {Deep Inference Proof Theory Equals Categorical Proof Theory Minus Coherence},
	Year = 2004}

@article{Japa:07:Cirquent:fk,
	Author = {Japaridze, Giorgi},
	Date-Added = {2007-09-22 14:52:39 +0100},
	Date-Modified = {2008-12-03 15:13:05 +0100},
	Journal = {Journal of Logic and Computation},
	Keywords = {deep inference},
	Note = {\url{http://arxiv.org/pdf/0709.1308}},
	Number = {6},
	Pages = {983--1028},
	Title = {Cirquent Calculus Deepened},
	Volume = {18},
	Year = {2008}}

@article{Jera::On-the-C:kx,
	Author = {Je{\v r}\'abek, Emil},
	Date-Added = {2007-12-02 20:34:04 +0000},
	Date-Modified = {2008-08-13 14:36:59 +0100},
	Journal = {Journal of Logic and Computation},
	Keywords = {deep inference},
	Note = {In press. \url{http://www.math.cas.cz/~jerabek/papers/cos.pdf}},
	Title = {Proof Complexity of the Cut-Free Calculus of Structures},
	Year = {2008}}

@inproceedings{Join:05:Complete:os,
	Author = {Joinet, Jean-Baptiste},
	Booktitle = {Structures and Deduction},
	Date-Added = {2007-12-02 19:32:51 +0000},
	Date-Modified = {2007-12-02 19:32:51 +0000},
	Editor = {Paola Bruscoli and Fran{\c c}ois Lamarche and Charles Stewart},
	Keywords = {deep inference},
	Note = {ICALP Workshop. ISSN 1430-211X. Invited talk at WoLLIC '03 under the title `Calculus of Structures and Proof-Nets'. \url{http://cs.bath.ac.uk/pb/SD05/SD05-Proc.pdf}},
	Pages = {81--94},
	Publisher = {Technische Universit{\"a}t Dresden},
	Title = {Completeness of {MLL} Proof-nets w.r.t.\ Weak Distributivity},
	Year = 2005}

@article{Join:07:Complete:uq,
	Author = {Joinet, Jean-Baptiste},
	Date-Modified = {2007-12-02 19:43:45 +0000},
	Journal = {The Journal of Symbolic Logic},
	Keywords = {deep inference},
	Note = {\url{http://www-philo.univ-paris1.fr/Joinet/joinetJSLmain.pdf}},
	Number = {1},
	Pages = {159--170},
	Title = {Completeness of {MLL} Proof-nets w.r.t.\ Weak Distributivity},
	Volume = {72},
	Year = 2007}

@article{Kahr:09:On-Linea:ix,
	Author = {Kahramano{\u g}ullar{\i}, Ozan},
	Date-Added = {2009-01-24 06:35:50 +0100},
	Date-Modified = {2009-01-24 06:37:25 +0100},
	Journal = {Information and Computation},
	Keywords = {deep inference},
	Note = {In press. \url{http://www.doc.ic.ac.uk/~ozank/Papers/on_linear.pdf}},
	Publisher = {Elsevier},
	Title = {On Linear Logic Planning and Concurrency},
	Year = {2009}}

@unpublished{Kahr:08:Ingredie:bf,
	Author = {Kahramano{\u g}ullar{\i}, Ozan},
	Date-Added = {2008-07-01 11:55:42 +0100},
	Date-Modified = {2008-07-01 12:11:31 +0100},
	Keywords = {deep inference},
	Note = {Short paper at CL\&C'08. \url{http://www.doc.ic.ac.uk/~ozank/Papers/ingredients.pdf}},
	Title = {Ingredients of a Deep Inference Theorem Prover},
	Year = {2008}}

@unpublished{Kahr:08:Interact:ad,
	Author = {Kahramano{\u g}ullar{\i}, Ozan},
	Date-Added = {2008-07-01 11:53:32 +0100},
	Date-Modified = {2008-07-01 12:03:59 +0100},
	Keywords = {deep inference},
	Note = {\url{http://www.doc.ic.ac.uk/~ozank/Papers/id.pdf}},
	Title = {Interaction and Depth Against Nondeterminism in Deep Inference Proof Search},
	Year = {2008}}

@inproceedings{Kahr:08:On-Linea:fk,
	Author = {Kahramano{\u g}ullar{\i}, Ozan},
	Booktitle = {Language and Automata Theory and Applications},
	Date-Added = {2008-01-20 08:23:25 +0000},
	Date-Modified = {2009-01-24 06:25:18 +0100},
	Editor = {Mart{\'\i}n-Vide, Carlos and Otto, Friedrich and Fernau, Henning},
	Keywords = {deep inference},
	Note = {\url{http://www.doc.ic.ac.uk/~ozank/Papers/lata.pdf}},
	Pages = {250--262},
	Publisher = {Springer-Verlag},
	Series = {Lecture Notes in Computer Science},
	Title = {On Linear Logic Planning and Concurrency},
	Volume = {5196},
	Year = {2008}}

@unpublished{Kahr:04:A-New-Lo:fk,
	Author = {Kahramano{\u g}ullar{\i}, Ozan},
	Date-Added = {2007-09-08 08:31:48 +0100},
	Date-Modified = {2008-01-20 08:33:01 +0000},
	Keywords = {deep inference},
	Note = {Short paper at LPAR 2007. \url{http://www.doc.ic.ac.uk/~ozank/Papers/lpar_short.pdf}},
	Title = {On Linear Logic Planning and Concurrency},
	Year = {2007}}

@phdthesis{Kahr:06:Nondeter:fk,
	Author = {Kahramano{\u g}ullar{\i}, Ozan},
	Date-Added = {2007-08-13 18:00:14 +0200},
	Date-Modified = {2007-08-13 18:01:55 +0200},
	Keywords = {deep inference},
	Note = {\url{http://www.doc.ic.ac.uk/~ozank/Papers/ozansthesis.pdf}},
	School = {Technische Universit{\"a}t Dresden},
	Title = {Nondeterminism and Language Design in Deep Inference},
	Year = {2006}}

@inproceedings{Kahr:07:Maude-as:lr,
	Author = {Kahramano{\u g}ullar{\i}, Ozan},
	Booktitle = {Proceedings of the Eighth International Workshop on Rule Based Programming (RULE 2007)},
	Date-Added = {2007-06-26 09:53:26 +0100},
	Date-Modified = {2008-11-25 08:19:18 +0100},
	Editor = {J. Visser and V. Winter},
	Keywords = {deep inference},
	Note = {\url{http://www.doc.ic.ac.uk/~ozank/Papers/rule07.pdf}},
	Pages = {35--50},
	Publisher = {Elsevier},
	Series = {Electronic Notes in Theoretical Computer Science},
	Title = {Maude as a Platform for Designing and Implementing Deep Inference Systems},
	Volume = {219},
	Year = {2008}}

@article{Kahr:07:System-B:fk,
	Author = {Kahramano{\u g}ullar{\i}, Ozan},
	Date-Added = {2007-03-24 13:01:58 +0000},
	Date-Modified = {2008-02-26 17:23:35 +0000},
	Journal = {Annals of Pure and Applied Logic},
	Keywords = {deep inference},
	Note = {\url{http://www.doc.ic.ac.uk/~ozank/Papers/bv_npc_apal.pdf}},
	Number = {1--3},
	Pages = {107--121},
	Title = {System {BV} Is {NP}-Complete},
	Volume = {152},
	Year = {2007}}

@inproceedings{Kahr:04:System-B:dg,
	Author = {Kahramano{\u g}ullar{\i}, Ozan},
	Booktitle = {19th International Symposium on Computer and Information Sciences, ISCIS 2004},
	Date-Modified = {2007-09-18 10:48:04 +0100},
	Editor = {C. Aykanat and T. Dayar and I. K{\"o}rpeo{\u g}lu},
	Keywords = {deep inference},
	Note = {\url{http://www.doc.ic.ac.uk/~ozank/Papers/bvn.pdf}},
	Pages = {986--995},
	Publisher = {Springer-Verlag},
	Series = {Lecture Notes in Computer Science},
	Title = {System {BV} without the Equalities for Unit},
	Volume = 3280,
	Year = 2004}

@inproceedings{Kahr:04:Implemen:ct,
	Address = {Universit\'e Henri Poincar\'e, Nancy, France},
	Author = {Kahramano{\u g}ullar{\i}, Ozan},
	Booktitle = {Proceedings of the ESSLLI 2004 Student Session},
	Date-Modified = {2007-09-18 10:48:12 +0100},
	Keywords = {deep inference},
	Note = {16th European Summer School in Logic, Language and Information. \url{http://www.doc.ic.ac.uk/~ozank/Papers/esslli04.pdf}},
	Pages = {117--127},
	Title = {Implementing System {BV} of the Calculus of Structures in {M}aude},
	Year = 2004}

@inproceedings{Kahr:05:Towards-:uz,
	Author = {Kahramano{\u g}ullar{\i}, Ozan},
	Booktitle = {The IASTED International Conference on Artificial Intelligence and Applications, AIA 2005},
	Date-Modified = {2007-09-18 10:48:19 +0100},
	Keywords = {deep inference},
	Note = {\url{http://www.doc.ic.ac.uk/~ozank/Papers/aia05.pdf}},
	Title = {Towards Planning as Concurrency},
	Year = 2005}

@inproceedings{Kahr:06:System-B:ht,
	Author = {Kahramano{\u g}ullar{\i}, Ozan},
	Booktitle = {12th Workshop on Logic, Language, Information and Computation (WoLLIC 2005)},
	Date-Modified = {2007-09-18 10:48:27 +0100},
	Editor = {de Queiroz, Ruy and Macintyre, Angus and Bittencourt, Guilherme},
	Keywords = {deep inference},
	Note = {\url{http://www.doc.ic.ac.uk/~ozank/Papers/BVnpc.pdf}},
	Pages = {87--99},
	Publisher = {Elsevier},
	Series = {Electronic Notes in Theoretical Computer Science},
	Title = {System {BV} Is {NP}-Complete},
	Volume = {143},
	Year = {2006}}

@unpublished{Kahr::Labelled:ri,
	Author = {Kahramano{\u g}ullar{\i}, Ozan},
	Date-Modified = {2007-09-18 11:20:15 +0100},
	Keywords = {deep inference},
	Note = {Presented at the 1st World Congress on Universal Logic. \url{http://www.doc.ic.ac.uk/~ozank/Papers/unilog.pdf}},
	Title = {Labeled Event Structure Semantics of Linear Logic Planning}}

@inproceedings{Kahr:06:Reducing:hc,
	Author = {Kahramano{\u g}ullar{\i}, Ozan},
	Booktitle = {LPAR 2006},
	Date-Modified = {2007-09-18 10:48:39 +0100},
	Editor = {M. Hermann and A. Voronkov},
	Keywords = {deep inference},
	Note = {\url{http://www.doc.ic.ac.uk/~ozank/Papers/reducingNondet.pdf}},
	Pages = {272--286},
	Publisher = {Springer-Verlag},
	Series = {Lecture Notes in Artificial Intelligence},
	Title = {Reducing Nondeterminism in the Calculus of Structures},
	Volume = {4246},
	Year = 2006}

@inproceedings{KahrMoreReil:05:Implemen:wb,
	Author = {Kahramano{\u g}ullar{\i}, Ozan and Moreau, Pierre-Etienne and Reilles, Antoine},
	Booktitle = {Structures and Deduction},
	Date-Modified = {2007-09-18 10:54:00 +0100},
	Editor = {Paola Bruscoli and Fran{\c c}ois Lamarche and Charles Stewart},
	Keywords = {deep inference},
	Note = {ICALP Workshop. ISSN 1430-211X. \url{http://www.doc.ic.ac.uk/~ozank/Papers/sd05.pdf}},
	Pages = {158--172},
	Publisher = {Technische Universit{\"a}t Dresden},
	Title = {Implementing Deep Inference in {TOM}},
	Year = 2005}

@article{Lama::Explorin:mw,
	Author = {Lamarche, Fran{\c c}ois},
	Date-Added = {2006-06-11 12:09:02 +0100},
	Date-Modified = {2007-12-02 23:20:40 +0000},
	Journal = {Theory and Applications of Categories},
	Keywords = {deep inference},
	Note = {\url{http://www.loria.fr/~lamarche/papers/Gap.pdf}},
	Number = {17},
	Pages = {473--535},
	Title = {Exploring the Gap between Linear and Classical Logic},
	Volume = {18},
	Year = {2007}}

@article{LamaStra:06:From-Pro:et,
	Author = {Lamarche, Fran{\c c}ois and Stra{\ss}burger, Lutz},
	Date-Modified = {2006-10-06 11:20:46 +0100},
	Journal = {Logical Methods in Computer Science},
	Keywords = {deep inference},
	Note = {\url{http://arxiv.org/pdf/cs.LO/0605054}},
	Number = {4},
	Pages = {3:1--44},
	Title = {From Proof Nets to the Free *-Autonomous Category},
	Volume = {2},
	Year = {2006}}

@inproceedings{LamaStra:05:Naming-P:ov,
	Author = {Lamarche, Fran{\c c}ois and Stra{\ss}burger, Lutz},
	Booktitle = {Typed Lambda Calculi and Applications},
	Date-Modified = {2006-07-17 13:37:08 +0100},
	Editor = {Pawe{\l} Urzyczyn},
	Keywords = {deep inference},
	Note = {\url{http://www.lix.polytechnique.fr/~lutz/papers/namingproofsCL.pdf}},
	Pages = {246--261},
	Publisher = {Springer-Verlag},
	Series = {Lecture Notes in Computer Science},
	Title = {Naming Proofs in Classical Propositional Logic},
	Volume = 3461,
	Year = 2005}

@inproceedings{LamaStra:05:Construc:qq,
	Author = {Lamarche, Fran{\c c}ois and Stra{\ss}burger, Lutz},
	Booktitle = {20th Annual IEEE Symposium on Logic in Computer Science},
	Date-Modified = {2007-10-10 10:46:59 +0100},
	Editor = {Prakash Panangaden},
	Keywords = {deep inference},
	Note = {\url{http://www.lix.polytechnique.fr/~lutz/papers/FreeBool-long.pdf}},
	Pages = {209--218},
	Publisher = {IEEE},
	Title = {Constructing Free Boolean Categories},
	Year = 2005}

@phdthesis{Leng:06:Normalis:uq,
	Author = {Lengrand, St{\'e}phane},
	Date-Added = {2007-10-06 07:11:08 +0100},
	Date-Modified = {2007-10-06 07:15:24 +0100},
	Keywords = {deep inference},
	Note = {\url{http://www.lix.polytechnique.fr/~lengrand/Work/Reports/MyThesis.pdf}},
	School = {Universit{\'e} Paris VII - Denis Diderot, University of St Andrews},
	Title = {Normalisation \& Equivalence in Proof Theory \& Type Theory},
	Year = {2006}}

@unpublished{LengBrun:05:Getting-:fk,
	Author = {Lengrand, St{\'e}phane and Br{\"u}nnler, Kai},
	Date-Added = {2007-10-06 06:46:17 +0100},
	Date-Modified = {2007-10-06 07:17:11 +0100},
	Keywords = {deep inference},
	Note = {\url{http://www.lix.polytechnique.fr/~lengrand/Work/Reports/DI.ps}},
	Title = {Getting Formalisms {A} and {B} by Proof-Terms and Typing Systems},
	Year = {2005}}

@phdthesis{Mrm-:06:Categori:ff,
	Author = {McKinley, Richard},
	Date-Added = {2006-03-18 10:08:56 +0000},
	Date-Modified = {2008-03-27 13:54:57 +0000},
	Keywords = {deep inference},
	Note = {\url{http://www.cs.bath.ac.uk/~csprim/thesis.pdf}},
	School = {University of Bath},
	Title = {Categorical Models of First Order Classical Proofs},
	Year = {2006}}

@inproceedings{Mrm-:05:Classica:ye,
	Author = {McKinley, Richard},
	Booktitle = {Structures and Deduction},
	Date-Modified = {2008-03-27 13:54:57 +0000},
	Editor = {Paola Bruscoli and Fran{\c c}ois Lamarche and Charles Stewart},
	Keywords = {deep inference},
	Note = {ICALP Workshop. ISSN 1430-211X. \url{http://www.cs.bath.ac.uk/~csprim/csl05.pdf}},
	Pages = {19--33},
	Publisher = {Technische Universit{\"a}t Dresden},
	Title = {Classical Categories and Deep Inference},
	Year = 2005}

@inproceedings{Reil:06:Canonica:fe,
	Author = {Reilles, Antoine},
	Booktitle = {6th International Workshop on Rewriting Logic and Its Applications},
	Date-Added = {2006-03-28 18:48:42 +0100},
	Date-Modified = {2007-08-26 12:40:51 +0100},
	Keywords = {deep inference},
	Note = {\url{http://arxiv.org/pdf/cs.PL/0601019}},
	Pages = {165--179},
	Series = {Electronic Notes in Theoretical Computer Science},
	Title = {Canonical Abstract Syntax Trees},
	Volume = {176},
	Year = {2007}}

@inproceedings{StewStou:05:A-System:tg,
	Author = {Stewart, Charles and Stouppa, Phiniki},
	Booktitle = {Advances in Modal Logic},
	Date-Modified = {2006-09-07 11:10:13 +0100},
	Editor = {Renate Schmidt and Ian Pratt-Hartmann and Mark Reynolds and Heinrich Wansing},
	Keywords = {deep inference},
	Note = {\url{http://www.aiml.net/volumes/volume5/Stewart.ps}},
	Pages = {309--333},
	Publisher = {King's College Publications},
	Title = {A Systematic Proof Theory for Several Modal Logics},
	Volume = 5,
	Year = 2005}

@mastersthesis{Stou:04:The-Desi:vg,
	Author = {Stouppa, Phiniki},
	Date-Modified = {2008-01-28 14:42:34 +0000},
	Keywords = {deep inference},
	Note = {\url{http://www.wv.inf.tu-dresden.de/Publications/Diploma/diplom_stouppa.pdf}},
	School = {Technische Universit{\"a}t Dresden},
	Title = {The Design of Modal Proof Theories: The case of {S5}},
	Year = 2004}

@article{Stou:06:A-Deep-I:rt,
	Author = {Stouppa, Phiniki},
	Date-Modified = {2008-02-11 14:46:27 +0000},
	Journal = {Studia Logica},
	Keywords = {deep inference},
	Note = {\url{http://www.iam.unibe.ch/til/publications/pubitems/pdfs/sto07.pdf}},
	Number = {2},
	Pages = {199--214},
	Title = {A Deep Inference System for the Modal Logic {S5}},
	Volume = {85},
	Year = {2007}}

@unpublished{Stra:08:Extensio:kk,
	Author = {Stra{\ss}burger, Lutz},
	Date-Added = {2008-07-01 11:58:02 +0100},
	Date-Modified = {2008-07-01 12:04:19 +0100},
	Keywords = {deep inference},
	Note = {\url{http://www.lix.polytechnique.fr/~lutz/papers/psppp.pdf}},
	Title = {Extension Without Cut},
	Year = {2008}}

@unpublished{Strasburger:2008qf,
	Author = {Stra{\ss}burger, Lutz},
	Date-Added = {2008-05-19 11:32:46 +0100},
	Date-Modified = {2008-05-19 11:34:04 +0100},
	Keywords = {deep inference},
	Note = {\url{http://www.lix.polytechnique.fr/~lutz/papers/ObsPT-MLL2.pdf}},
	Title = {Some Observations on the Proof Theory of Second Order Propositional Multiplicative Linear Logic},
	Year = 2008}

@techreport{Stra:06:Proof-Ne:fk,
	Author = {Stra{\ss}burger, Lutz},
	Date-Added = {2007-10-10 11:01:54 +0100},
	Date-Modified = {2008-03-23 18:21:43 +0000},
	Institution = {INRIA},
	Keywords = {deep inference},
	Note = {\url{http://hal.inria.fr/docs/00/11/43/20/PDF/RR-6013.pdf}},
	Number = {6013},
	Title = {Proof Nets and the Identity of Proofs},
	Year = {2006}}

@inproceedings{Stra:07:Deep-Inf:uq,
	Author = {Stra{\ss}burger, Lutz},
	Booktitle = {International Workshop on Hybrid Logic HyLo 2007},
	Date-Added = {2007-08-26 12:31:10 +0100},
	Date-Modified = {2007-08-26 12:39:44 +0100},
	Editor = {J{\o}rgen Villadsen and Thomas Bolander and Torben Bra{\"u}ner},
	Keywords = {deep inference},
	Note = {\url{http://www.lix.polytechnique.fr/~lutz/papers/hybrid.pdf}},
	Pages = {13--22},
	Title = {Deep Inference for Hybrid Logic},
	Year = {2007}}

@inproceedings{Stra:03:System-N:mb,
	Author = {Stra{\ss}burger, Lutz},
	Booktitle = {10th Workshop on Logic, Language, Information and Computation (WoLLIC)},
	Date-Added = {2007-03-29 10:00:53 +0100},
	Date-Modified = {2007-03-29 10:00:53 +0100},
	Editor = {De Queiroz, Ruy and Pimentel, Elaine and Figueiredo, Luc{\'\i}lia},
	Keywords = {deep inference},
	Note = {\url{http://www.lix.polytechnique.fr/~lutz/papers/NELundec_wollic03.pdf}},
	Publisher = {Elsevier},
	Series = {Electronic Notes in Theoretical Computer Science},
	Title = {System {NEL} Is Undecidable},
	Volume = 84,
	Year = 2003}

@unpublished{Stra:06:What-Cou:vh,
	Author = {Stra{\ss}burger, Lutz},
	Date-Added = {2006-07-03 07:43:21 +0100},
	Date-Modified = {2006-07-13 13:12:59 +0100},
	Keywords = {deep inference},
	Note = {Accepted by Cl\&C '06. \url{http://www.lix.polytechnique.fr/~lutz/papers/medial-kurz.pdf}},
	Title = {What Could a Boolean Category Be?},
	Year = 2006}

@inproceedings{StraLama:04:On-Proof:ec,
	Author = {Stra{\ss}burger, Lutz and Lamarche, Fran{\c c}ois},
	Booktitle = {CSL 2004},
	Date-Modified = {2006-07-13 13:12:57 +0100},
	Editor = {J. Marcinkowski and A. Tarlecki},
	Keywords = {deep inference},
	Note = {\url{http://www.lix.polytechnique.fr/~lutz/papers/multPN.pdf}},
	Pages = {145--159},
	Publisher = {Springer-Verlag},
	Series = {Lecture Notes in Computer Science},
	Title = {On Proof Nets for Multiplicative Linear Logic with Units},
	Volume = 3210,
	Year = 2004}

@inproceedings{Stra:07:A-Charac:fk,
	Author = {Stra{\ss}burger, Lutz},
	Booktitle = {RTA 2007},
	Date-Modified = {2007-10-10 11:15:47 +0100},
	Editor = {Baader, Franz},
	Keywords = {deep inference},
	Note = {\url{http://www.lix.polytechnique.fr/~lutz/papers/CharMedial.pdf}},
	Pages = {344--358},
	Publisher = {Springer-Verlag},
	Series = {Lecture Notes in Computer Science},
	Title = {A Characterisation of Medial as Rewriting Rule},
	Volume = {4533},
	Year = 2007}

@techreport{Stra:03:The-Unde:gn,
	Author = {Stra{\ss}burger, Lutz},
	Date-Modified = {2006-07-13 13:12:59 +0100},
	Institution = {Technische Universit{\"a}t Dresden},
	Keywords = {deep inference},
	Note = {\url{http://www.lix.polytechnique.fr/~lutz/papers/NELundeci.pdf}},
	Number = {WV-03-05},
	Title = {The Undecidability of System {NEL}},
	Year = 2003}

@phdthesis{Stra:03:Linear-L:lp,
	Author = {Stra{\ss}burger, Lutz},
	Date-Modified = {2006-07-13 13:12:57 +0100},
	Keywords = {deep inference},
	Note = {\url{http://www.lix.polytechnique.fr/~lutz/papers/dissvonlutz.pdf}},
	School = {Technische Universit{\"a}t Dresden},
	Title = {Linear Logic and Noncommutativity in the Calculus of Structures},
	Year = 2003}

@article{Stra:03:MELL-in-:oy,
	Author = {Stra{\ss}burger, Lutz},
	Date-Modified = {2006-07-13 13:12:57 +0100},
	Journal = {Theoretical Computer Science},
	Keywords = {deep inference},
	Note = {\url{http://www.lix.polytechnique.fr/~lutz/papers/els.pdf}},
	Pages = {213--285},
	Title = {{MELL} in the Calculus of Structures},
	Volume = 309,
	Year = 2003}

@techreport{Stra:02:A-Local-:ve,
	Author = {Stra{\ss}burger, Lutz},
	Date-Modified = {2006-07-13 13:12:54 +0100},
	Institution = {Technische Universit{\"a}t Dresden},
	Keywords = {deep inference},
	Note = {\url{http://www.lix.polytechnique.fr/~lutz/papers/lls.pdf}},
	Number = {WV-02-01},
	Title = {A Local System for Linear Logic},
	Year = 2002}

@inproceedings{Stra:02:A-Local-:ul,
	Author = {Stra{\ss}burger, Lutz},
	Booktitle = {LPAR 2002},
	Date-Modified = {2006-07-13 13:12:54 +0100},
	Editor = {M. Baaz and A. Voronkov},
	Keywords = {deep inference},
	Note = {\url{http://www.lix.polytechnique.fr/~lutz/papers/lls-lpar.pdf}},
	Pages = {388--402},
	Publisher = {Springer-Verlag},
	Series = {Lecture Notes in Artificial Intelligence},
	Title = {A Local System for Linear Logic},
	Volume = 2514,
	Year = 2002}

@incollection{Stra:05:What-Is-:wl,
	Author = {Stra{\ss}burger, Lutz},
	Booktitle = {Logica Universalis---Towards a General Theory of Logic},
	Date-Modified = {2008-01-15 06:56:32 +0000},
	Editor = {Jean-Yves Beziau},
	Keywords = {deep inference},
	Note = {\url{http://www.lix.polytechnique.fr/~lutz/papers/WhatLogicProof.pdf}},
	Pages = {135--152},
	Publisher = {Birkh{\"a}user},
	Title = {What Is a Logic, and What Is a Proof?},
	Year = 2007}

@inproceedings{Stra:05:From-Dee:yb,
	Author = {Stra{\ss}burger, Lutz},
	Booktitle = {Structures and Deduction},
	Date-Modified = {2006-07-13 13:12:56 +0100},
	Editor = {Paola Bruscoli and Fran{\c c}ois Lamarche and Charles Stewart},
	Keywords = {deep inference},
	Note = {ICALP Workshop. ISSN 1430-211X. \url{http://www.lix.polytechnique.fr/~lutz/papers/deepnet.ps}},
	Pages = {2--18},
	Publisher = {Technische Universit{\"a}t Dresden},
	Title = {From Deep Inference to Proof Nets},
	Year = 2005}

@article{Stra:06:On-the-A:jy,
	Author = {Stra{\ss}burger, Lutz},
	Date-Modified = {2007-12-02 23:20:26 +0000},
	Journal = {Theory and Applications of Categories},
	Keywords = {deep inference},
	Note = {\url{http://www.lix.polytechnique.fr/~lutz/papers/medial.pdf}},
	Number = {18},
	Pages = {536--601},
	Title = {On the Axiomatisation of Boolean Categories with and without Medial},
	Volume = {18},
	Year = 2007}

@inproceedings{Tiu:06:A-Local-:gf,
	Author = {Tiu, Alwen},
	Booktitle = {LPAR 2006},
	Date-Modified = {2006-12-24 12:51:50 +0000},
	Editor = {M. Hermann and A. Voronkov},
	Keywords = {deep inference},
	Note = {\url{http://users.rsise.anu.edu.au/~tiu/localint.pdf}},
	Pages = {242--256},
	Publisher = {Springer-Verlag},
	Series = {Lecture Notes in Artificial Intelligence},
	Title = {A Local System for Intuitionistic Logic},
	Volume = {4246},
	Year = {2006}}

@article{Tiu:06:A-System:ai,
	Author = {Tiu, Alwen},
	Date-Modified = {2008-03-31 11:58:52 +0100},
	Journal = {Logical Methods in Computer Science},
	Keywords = {deep inference},
	Note = {\url{http://arxiv.org/pdf/cs.LO/0512036}},
	Number = {2:4},
	Pages = {1--24},
	Title = {A System of Interaction and Structure {II}: {T}he Need for Deep Inference},
	Volume = {2},
	Year = {2006}}

@techreport{Tiu:01:Properti:zk,
	Author = {Tiu, Alwen Fernanto},
	Date-Modified = {2006-07-13 13:12:58 +0100},
	Institution = {Technische Universit{\"a}t Dresden},
	Keywords = {deep inference},
	Note = {\url{http://users.rsise.anu.edu.au/~tiu/thesisc.pdf}},
	Number = {WV-01-06},
	Title = {Properties of a Logical System in the Calculus of Structures},
	Year = 2001}

@techreport{Tiu:01:A1-Unifi:ij,
	Author = {Tiu, Alwen Fernanto},
	Date-Modified = {2006-07-13 13:12:54 +0100},
	Institution = {Technische Universit{\"a}t Dresden},
	Keywords = {deep inference},
	Note = {\url{http://users.rsise.anu.edu.au/~tiu/a1.ps.gz}},
	Number = {WV-01-08},
	Title = {{A1}-Unification},
	Year = 2001}

@techreport{Tiu:01:Combinin:qf,
	Author = {Tiu, Alwen Fernanto},
	Date-Modified = {2006-07-13 13:12:55 +0100},
	Institution = {Technische Universit{\"a}t Dresden},
	Keywords = {deep inference},
	Note = {\url{http://users.rsise.anu.edu.au/~tiu/comb4.ps.gz}},
	Number = {WV-01-09},
	Title = {Combining {A1}- and {AC1}-Unification Sharing Unit},
	Year = 2001}
